2706 4566
597 244 790 302 ..4-

117 436 151 505 ln
175 452 213 497 ea
235 432 394 512 relictis,¹)
417 435 502 495 inter
517 427 692 494 Tritonidis
717 437 888 513 praecipue
911 438 1001 500 lacus
1026 444 1154 504 accolas
1177 461 1275 522 vaga·

115 541 247 618 batur‚²)
278 542 434 620 aquibus
451 542 605 618 indigena
627 546 660 602 et
681 543 825 617 Neptuni
847 544 1087 624 Tritonidisque
1113 550 1178 609 lilia
1197 551 1273 612 duc-

114 657 157 723 ta,
177 652 272 729 quasi
290 651 324 710 in
337 665 421 727 aqua
437 650 587 709 habitans
602 665 722 710 nornen
739 645 943 730 Τριτογένεια
960 654 1122 732 accepiti)
1165 661 1275 735 Atque

114 759 246 837 templi,
281 757 369 837 quod
404 758 434 819 ei
465 755 505 816 ad
530 755 729 817 Tritonidem
758 758 881 828 lacum,
920 762 976 821 vel
995 763 1037 837 gin
1065 764 1174 824 insula
1202 765 1273 827 eius

117 871 203 946 erat,
234 866 428 942 saepissime
459 865 497 922 fit
515 857 689 942 mentio,⁴)
714 880 818 941 aeque
846 882 884 925 ac
907 868 1013 928 cultus
1035 871 1106 931 eius
1129 871 1275 944 rationis,

115 991 180 1053 qua
206 952 368 1050 virgines,
400 970 539 1048 pellibus
571 970 711 1047 caprinis
738 971 889 1052 indutae,
918 975 1004 1035 inter
1034 979 1209 1051 clamores,
1238 980 1273 1039 in

114 1082 198 1144 duos
228 1080 368 1158 partitae
396 1078 544 1146 ordines,
570 1076 731 1151 lapidibus
762 1077 969 1156 fustibusque
996 1083 1028 1141 in
1058 1084 1129 1144 eius
1152 1101 1274 1162 pugna·

113 1190 193 1251 baut
205 1167 374 1258 honorem,
395 1190 492 1262 atque
506 1183 561 1242 uni
574 1184 667 1259 galea
679 1185 842 1261 armisque
855 1187 1028 1268 impositis,
1044 1207 1139 1251 curru
1154 1191 1275 1252 circum

112 1298 219 1358 lacum
230 1295 443 1364 vehebantur,
456 1291 605 1351 notitiam
619 1291 814 1363 habemusi)
838 1293 933 1367 Quod
944 1295 1159 1366 Herodotusil
1169 1297 1209 1358 de
1224 1315 1274 1358 ra·

111 1404 202 1465 tione
218 1401 346 1464 vivendi
364 1405 397 1460 et
410 1397 648 1458 consuetudine
667 1414 742 1457 curn
764 1399 953 1462 mulieribus
966 1403 1051 1480 apud
1071 1404 1132 1471 has
1155 1408 1274 1480 gentes

43 1516 46 1522 '
114 1517 233 1584 narrat,
255 1512 311 1589 qui
333 1524 407 1570 mos
425 1513 458 1568 et
471 1507 638 1568 caucasiis
652 1507 917 1587 Massagetisque
930 1515 1079 1589 proprius
1090 1513 1187 1590 fuiti)
1205 1517 1274 1574 tam

116 1624 192 1697 apte
205 1620 238 1679 in
253 1635 297 1694 ea,
311 1632 395 1695 quae
406 1616 446 1676 de
456 1618 660 1675 Amazonum
676 1614 832 1676 bellicosa
844 1623 958 1678 natura
971 1626 1069 1698 atque
1080 1638 1153 1701 usu,
1165 1623 1220 1701 qui
1233 1622 1274 1682 iis

113 1742 189 1787 cum
210 1726 288 1787 viris
312 1727 390 1798 erat,
413 1722 629 1800 proteruntur,
650 1721 795 1798 quadrat,
819 1731 854 1784 ut
876 1726 964 1786 nulla
979 1728 1134 1791 obvenire
1157 1729 1275 1790 debeat

113 1832 288 1904 dubitatio,
319 1830 397 1908 quin
421 1830 628 1888 Amazonum
652 1828 803 1900 historia,
824 1831 864 1890 iis
887 1835 1061 1910 praecipue
1082 1840 1160 1897 nata
1181 1837 1273 1906 locis,

114 1957 132 2001 s
168 1939 256 2000 cultu
298 1936 379 1997 deae
405 1936 555 2027 Astartes
592 1935 719 1994 initium
755 1938 885 2012 ceperit.
937 1939 999 2014 Qui
1035 1943 1142 2003 cultus
1174 1959 1275 2022 quum

114 2047 199 2125 apud
224 2052 350 2124 gentes,
374 2061 458 2122 quae
473 2044 619 2105 Mazicas
643 2044 712 2103 sive
726 2044 900 2106 Amanicae
924 2047 1184 2123 appellabantur,
1218 2068 1273 2110 an·

114 2155 311 2234 tiquissimis
334 2151 536 2227 temporibus
559 2151 728 2211 floruisset
750 2158 847 2230 atque
876 2154 916 2213 ab
946 2155 986 2215 iis
1008 2156 1041 2215 in
1065 2156 1146 2216 alias
1170 2160 1276 2218 terras

114 2267 314 2341 propagatus
329 2265 428 2332 esset,
444 2275 554 2319 earum
568 2272 699 2334 quoque
713 2275 844 2331 nomen,
867 2260 954 2339 quod
967 2263 1000 2321 iu
1016 2265 1168 2325 Astarten
1183 2265 1274 2324 mini-

117 2377 203 2433 stras
227 2371 377 2431 tralatum
402 2370 487 2439 erat,
517 2383 591 2426 cum
623 2382 663 2426 eo
695 2367 736 2426 ad
763 2367 843 2427 alias
865 2374 982 2446 gentes
1003 2372 1162 2446 pervenit.
1206 2372 1274 2431 lam

116 2480 200 2540 baec
218 2477 310 2546 ratIo,
331 2473 417 2552 quod
441 2475 627 2533 Amazones
649 2473 681 2532 in
703 2472 820 2543 Africa,
843 2476 1003 2552 Dionysio
1026 2482 1169 2548 auctore,
1192 2476 1274 2537 mul·

112 2589 148 2646 to
175 2584 374 2645 uetustiores
406 2580 622 2658 ducebantur,
651 2579 685 2639 in
707 2578 767 2641 boc
790 2584 959 2655 convenit,
986 2584 1057 2643 illas
1082 2585 1275 2655 Phoenices,

115 2693 171 2772 qui
192 2693 272 2752 haec
294 2691 366 2750 loca
388 2687 493 2746 multo
517 2690 633 2756 antea,
663 2702 761 2763 quarn
785 2687 825 2747 ad
847 2691 988 2750 Pontum
1011 2692 1092 2763 slta,
1122 2691 1275 2768 frequen·

113 2799 237 2869 tabant,
266 2800 415 2862 secutas,
445 2794 486 2854 ad
516 2793 718 2863 Musicarum
743 2799 860 2875 gentes
879 2798 1088 2875 pervenisse,
1116 2797 1274 2875 aquibus

220 3089 241 3157 1)
262 3087 348 3156 Verg.
366 3082 440 3140 Aen.
458 3083 472 3136 I
491 3083 538 3151 153
556 3081 636 3136 Ovid.
656 3081 732 3138 Fast.
751 3082 793 3137 VI
809 3083 852 3154 45,
872 3081 923 3139 cfr.
941 3082 1032 3139 Ersolr
1049 3099 1076 3140 u
1094 3084 1206 3145 Grubsr
1222 3087 1275 3145 tc.

113 3195 140 3249 p.
159 3180 210 3233 898
229 3194 270 3247 sq.

214 3270 239 3338 ²)
258 3267 362 3323 Herod.
382 3265 424 3321 IV
442 3279 465 3318 c.
484 3264 542 3317 188.

217 3361 240 3428 8)
258 3357 363 3413 Herod.
380 3356 428 3424 [IV
447 3370 470 3409 o.
490 3355 551 3419 180;
575 3353 657 3408 Hom.
677 3353 710 3408 Il.
728 3354 771 3409 IV
789 3370 816 3408 v.
834 3354 893 3409 515.
912 3355 984 3411 VIII
1001 3371 1027 3411 v.
1043 3357 1089 3426 395
1104 3357 1190 3428 Verg.
1202 3354 1277 3415 Asu.

115 3451 144 3505 11
161 3451 221 3519 826,
239 3449 267 3503 V
286 3450 346 3502 704.
365 3446 415 3500 cfr.
434 3445 533 3515 Heyne
552 3444 588 3498 ad
607 3442 743 3512 Apollod.
764 3444 809 3501 III
827 3447 867 3513 12,
885 3446 902 3498 3
920 3450 949 3500 et
965 3447 1086 3509 Oreussr
1104 3445 1230 3518 symbol.
1248 3448 1277 3502 11

7 3590 15 3603 ,
113 3555 141 3609 p.
160 3540 219 3594 646.
255 3538 299 3593 De
315 3536 427 3591 nomine
445 3532 619 3603 Τριτογένεια
636 3534 693 3588 vid.
711 3533 836 3604 Benley,
860 3530 1003 3600 Tarnasici
1021 3531 1124 3599 Ἀθάνα
1141 3536 1275 3592 FamiuIn

114 3630 165 3685 dss
183 3628 263 3684 send.
280 3626 424 3683 Masculin
442 3624 534 3679 Thrae
552 3625 619 3679 tana
635 3623 793 3694 athwyana.
811 3623 964 3682 (luminant.
983 3624 1047 3683 Soc.
1058 3625 1186 3697 Goaiug.
1200 3627 1276 3682 1868.

113 3735 140 3788 p.
162 3719 241 3877 47⁹⁴)
259 3806 334 3879 Scyl.
357 3804 497 3875 caryand.
518 3818 563 3871 ap.
587 3803 703 3863 Mueller
725 3801 830 3872 Geogr.
854 3802 902 3867 Gr,
928 3802 992 3859 mia.
1015 3803 1029 3859 I
1055 3819 1082 3872 p.
1110 3804 1159 3870 lits
1181 3801 1275 3860 strab.

113 3895 198 3952 XVII
216 3898 240 3965 3,
259 3898 306 3962 203
323 3895 459 3960 Pompon.
477 3893 549 3948 Mela
568 3893 582 3946 I
600 3892 624 3962 7,
643 3895 668 3945 4.

218 3984 240 4052 ⁵)
258 3983 363 4038 Hmod.
382 3982 424 4036 IV
441 3998 464 4037 o.
485 3983 543 4037 180.
562 3998 586 4045 o.
608 3983 666 4043 189,

216 4072 240 4140 ⁶)
258 4072 300 4126 IV
319 4086 342 4125 c.
361 4073 418 4127 180.
437 4069 487 4127 cfr.
505 4073 639 4140 Pompon.
659 4071 731 4126 Mela
750 4071 868 4138 17,87.

215 4159 239 4228 ⁷)
257 4159 363 4215 Herod.
381 4161 395 4217 I
413 4175 438 4221 ο.
456 4160 515 4227 208
537 4174 562 4227 l·
577 4161 638 4229 illd.
