2706 4566
544 148 771 212 ·-2o-

94 340 169 385 oum
191 321 305 393 Plinio,
319 319 343 396 ¹)
366 321 752 400 quiPhthirophagorum
774 321 899 383 vicinos
912 319 1039 382 Suanos
1062 335 1138 382 esse
1163 319 1253 393 dicit,

90 434 123 491 et
144 447 219 492 eum
240 423 397 490 Strabone
408 427 441 504 ²),
466 429 646 490 secundum
668 446 765 506 quem
784 429 1029 506 Phthirophagi,
1052 427 1251 490 Colchorum

87 537 222 607 affines,
255 538 288 594 et
310 534 409 595 Soani
432 552 506 597 oum
520 537 696 613 plerisque
726 536 797 596 aliis
827 534 980 611 gentibus
1001 533 1252 596 Dioscuriadem

91 641 358 721 frequentabant,
388 644 422 702 in
453 643 570 704 iisdem
602 644 793 721 regionibus
823 660 880 704 eos
915 644 1080 703 habitasse
1113 642 1250 718 profert.

90 751 205 828 Neque
226 749 368 810 alienum
391 755 443 811 est
458 749 497 809 ab
522 751 570 825 iis,
594 767 678 828 quae
694 751 791 811 modo
809 752 989 828 attulimus,
1001 749 1135 825 Soymni
1149 749 1252 823 (ihiii)

91 856 329 927 testimonium,
349 873 414 935 quo
437 858 526 917 iuxta
549 856 758 919 Sauromatas
781 857 980 918 Gelonorum
1003 861 1086 933 gens
1107 857 1142 917 in
1166 858 1252 918 occi·

92 966 214 1029 dentali
236 966 367 1042 quidem
386 967 558 1027 Maeotidis
585 984 642 1027 ora
665 973 955 1042 commemoratur,
975 966 1080 1045 quod,
1108 969 1144 1025 ut
1167 965 1252 1027 infra

92 1073 286 1165 videbimus,
310 1090 377 1133 non
400 1078 490 1134 reete
505 1091 524 1134 a
542 1075 684 1151 Scymno
705 1074 905 1135 intellectum
922 1090 981 1151 pro
993 1073 1140 1134 orientali
1157 1076 1251 1149 parte

91 1182 314 1257 accipiendum
337 1185 398 1260 est,
414 1186 511 1259 atque
527 1179 752 1261 Eustathius⁴)
767 1182 1031 1256 Phthirophagos
1055 1196 1130 1240 cum
1143 1179 1251 1240 Thoa-

90 1289 142 1349 nis
165 1283 329 1365 (θοᾶνες),
359 1305 443 1365 quae
459 1290 551 1349 nulia
573 1290 635 1349 alia
657 1305 741 1365 gens
764 1294 831 1361 est,
853 1305 891 1348 ac
913 1287 1028 1359 Soani,
1057 1287 1252 1363 permutatis

90 1399 217 1455 tantum
239 1395 340 1456 literis
362 1392 390 1453 Θ
409 1399 442 1455 et
462 1393 502 1467 Σ,
522 1397 555 1455 in
570 1396 765 1457 Colchorum
788 1397 928 1456 confinio
952 1394 1119 1454 habitasse
1142 1393 1252 1456 docet.

92 1502 181 1576 Quae
202 1503 310 1561 omnia
332 1501 460 1562 abunde
481 1504 668 1575 ostendunt,
690 1502 889 1563 Gelonorum
904 1517 1034 1572 nomen,
1058 1499 1145 1576 quod
1162 1501 1252 1576 apud

90 1607 293 1668 Herodotum
316 1613 605 1682 commemoratur,
633 1610 720 1671 idem
744 1625 818 1671 esse
836 1613 934 1684 atque
963 1609 998 1667 in
1020 1607 1252 1682 Argonauticis

92 1714 230 1785 dictum,
251 1714 430 1792 urbemque
453 1732 566 1776 eorum
590 1717 630 1777 ad
650 1733 756 1790 mare,
779 1718 812 1775 in
830 1714 1032 1776 Budinorum
1054 1713 1185 1789 finibus,
1208 1714 1251 1774 si·

92 1824 169 1893 tam,
191 1822 390 1899 Argonautis
412 1828 525 1883 notam
543 1824 655 1898 fuisse,
680 1823 768 1903 quod
791 1840 864 1884 cum
886 1822 1023 1891 ratione,
1046 1837 1110 1898 qua
1132 1824 1253 1895 gentes
1286 1807 1290 1817 ’

34 1930 37 1937 ’
93 1928 135 1988 ad
155 1945 244 1989 mare
268 1933 395 1991 tantum
415 1931 601 1993 accolentes
629 1931 866 2009 antiquissimis
892 1928 1093 2003 temporibus
1117 1927 1253 1990 Graecis

94 2040 191 2097 notae
214 2038 349 2110 fuerint,
371 2039 541 2108 convenit,
561 2043 660 2115 atque
679 2038 879 2099 Gelonorum
903 2038 1062 2113 originem
1092 2053 1131 2096 ex
1160 2038 1252 2110 Asia,

95 2143 150 2203 ubi
171 2161 272 2221 quum
296 2145 336 2203 ab
366 2145 459 2205 initio
487 2144 526 2204 ad
551 2145 626 2221 Cyri
656 2147 745 2206 fluvii
763 2136 895 2205 ‘ostium
916 2142 1135 2209 habitassent,
1165 2142 1254 2203 unde

94 2250 239 2327 regionis
252 2251 350 2310 huius
373 2268 494 2312 nomen
510 2247 670 2332 Ghiianl),
689 2253 868 2329 posteriore
890 2267 973 2311 aevo
996 2249 1254 2325 septentrionem

93 2373 208 2419 versus
240 2357 281 2417 ad
305 2358 478 2419 Maeotidis
501 2375 591 2420 oram
613 2360 844 2436 processerint,
864 2356 1073 2417 derivandam
1101 2373 1177 2418 esse
1199 2357 1254 2418 de·

92 2467 202 2527 clarat.

197 2572 289 2646 Quae
312 2586 412 2648 quum
435 2572 480 2631 ita
503 2572 583 2643 sint,
602 2573 757 2644 affinitas,
780 2588 864 2650 quae
885 2571 971 2631 inter
994 2569 1196 2630 Herodotum
1220 2573 1253 2629 et

92 2680 390 2757 Argonauticorum
419 2684 551 2754 poetam
580 2680 613 2738 in
649 2680 880 2741 enumerandis
910 2677 1063 2754 gentibus
1093 2676 1251 2748 finitimis,

93 2803 176 2865 quae
207 2787 289 2846 haec
315 2787 503 2845 incolebant
532 2788 617 2858 loca,
640 2788 827 2857 intercedit,
856 2788 890 2845 in
919 2785 981 2843 alia
1009 2796 1138 2859 quoque
1165 2795 1253 2855 quae

91 2898 247 2954 notantur
271 2893 464 2968 populorum
487 2895 621 2952 nomina
647 2895 778 2955 extendi
800 2896 919 2969 potest,
964 2887 1071 2958 Gens,
1096 2902 1181 2962 quae
1211 2903 1252 2946 ex

93 3000 205 3060 ordine
223 3000 257 3059 in
270 3000 499 3076 Argonauticis
514 3005 654 3072 servato,
679 3003 738 3062 suh
751 3002 882 3061 nomine
894 2989 1107 3074 βαθυχαὶτων
1126 2981 1252 3054 hiera

92 3103 182 3186 φῦλα
205 3109 368 3185 sequitur,
391 3109 551 3184 peculiare
575 3110 737 3186 quoddam
760 3125 883 3168 nomen
911 3107 1049 3182 accepit,
1081 3104 1169 3184 quod
1197 3105 1252 3164 vei

94 3216 220 3278 Graece
239 3217 393 3277 tralatum
426 3218 607 3294 ingenuum
638 3219 709 3278 eius
741 3217 848 3294 gentis
878 3231 999 3274 nomen
1030 3218 1097 3284 est,
1127 3211 1180 3271 vel
1210 3227 1251 3270 ex

92 3325 226 3400 capillis,
249 3325 447 3400 singularem
472 3325 505 3384 in
528 3325 660 3385 modurn
684 3326 836 3401 comptis,
858 3323 952 3399 quasi
974 3318 1148 3395 appellatio
1179 3319 1251 3378 eius

92 3433 322 3509 depromptum
353 3436 413 3492 est.
458 3432 552 3507 Quod
581 3450 660 3493 vero
695 3432 884 3508 capillorum
914 3430 1117 3501 comptorum
1144 3426 1250 3485 forma

93 3541 183 3618 genti
203 3540 280 3600 huic
303 3540 511 3614 appellationi
534 3556 608 3600 esse
631 3543 745 3615 potuit,
769 3555 835 3599 non
855 3535 951 3596 debet
971 3533 1146 3605 offendere,
1171 3547 1248 3590 nem

196 3732 217 3798 ι)
236 3727 317 3796 vr4
338 3728 378 3780 14.

191 3816 448 3884 bffl2,Mm

191 3907 213 3974 ⁸)
233 3905 298 3959 Orb.
317 3819 488 3972 descripta
490 3906 568 3959 ,863
589 3903 735 3974 (Mueller.)

189 3997 212 4064 ⁴)
230 3994 266 4047 ad
286 3995 368 4047 Dion.
386 4009 412 4046 v.
432 3996 493 4050 689

192 4084 214 4153 ⁸)
231 4081 335 4137 66666
336 4082 472 4153 Martio,
489 4082 597 4137 Etudes
614 4082 649 4138 de
667 4079 837 4150 geographie
854 4079 989 4135 ancienne
1005 4075 1028 4144 1,
1047 4091 1073 4143 p.
1091 4073 1151 4127 238.
