2706 4566
569 189 780 249 ..42-

97 354 216 439 sumpti
234 356 308 420 sunt
320 353 524 439 testimoniis,
548 372 629 437 quae
642 356 675 418 et
691 353 831 418 locorum
853 356 886 417 et
905 343 1082 436 temporum
1096 353 1255 419 varietate

96 481 290 547 magnopere
311 462 394 527 inter
415 482 448 527 se
471 461 600 527 distant.
629 459 741 543 Neque
763 459 846 525 enim
869 459 1008 525 dubitari
1031 462 1143 542 potest,
1165 459 1255 543 quin,

95 588 171 652 qum
182 568 241 634 has
262 569 408 652 regiones
426 567 539 634 Graeci
561 588 685 651 semper
702 566 871 649 plurimum
889 569 1079 650 spectarent,
1094 564 1174 631 haec
1182 565 1256 631 loca

93 674 267 760 populique
293 674 326 739 in
357 675 397 739 iis
429 675 580 759 degentes
600 674 641 740 ab
664 694 772 739 eorum
795 672 1002 755 scriptoribus
1023 672 1159 756 neglecti
1179 672 1255 756 sint,

97 782 183 865 quod
201 781 334 866 singulis
364 782 558 866 singulorum
585 782 625 847 de
645 782 686 846 iis
708 780 942 846 commentariis
964 779 1155 864 coarguitur.
1200 779 1256 845 Sic

94 887 263 972 Eudoxus,
306 888 360 970 qui
386 888 559 954 secundum
581 887 777 971 Stephanum
799 886 986 970 Byzantium
1007 886 1171 970 Syrmatas
1211 885 1255 952 ad

94 994 218 1060 Tanain
237 993 366 1059 flauum
391 1000 628 1074 commemorat,
659 1015 712 1060 eos
735 997 913 1078 respexisse
936 993 1061 1059 videtur
1082 1012 1184 1076 aeque
1205 996 1254 1058 at·

93 1120 155 1184 que
165 1100 327 1184 Ephorus,
352 1103 406 1184 qui
423 1121 519 1185 quum
531 1102 661 1187 Polybio
681 1108 810 1168 auctore
821 1103 847 1186 1)
868 1103 902 1166 in
920 1099 1091 1165 universali
1107 1099 1252 1177 historia,

92 1226 187 1290 quam
217 1213 453 1290 composuerat,
487 1209 527 1274 de
556 1209 686 1275 coloniis
715 1215 747 1274 et
765 1208 1025 1293 migrationibus,
1057 1207 1096 1272 de
1117 1205 1253 1272 ducibus
1278 1280 1289 1287 ,

91 1314 233 1398 gentium
256 1333 294 1379 ac
310 1315 552 1393 consuetudine,
575 1335 638 1399 qua
658 1317 742 1381 inter
763 1336 796 1380 se
818 1315 929 1399 populi
947 1315 997 1379 usi
1018 1317 1108 1388 sunt,
1132 1312 1254 1395 optime

91 1420 272 1504 scripsisset
281 1427 321 1500 ²),
349 1420 389 1486 de
412 1420 609 1487 Sauromatis
636 1442 763 1505 quoque
792 1440 963 1504 eorumque
984 1419 1113 1485 sedibus
1133 1422 1276 1485 uaeas

90 1528 144 1592 vit.
189 1527 279 1604 Quae
301 1525 422 1610 Ephori
445 1528 485 1594 de
505 1528 555 1593 his
576 1528 653 1593 locis
678 1529 774 1594 fuerit
796 1528 950 1612 cognitio,
985 1546 1024 1590 ex
1054 1523 1254 1609 fragmentis,

90 1652 224 1716 quorum
249 1632 400 1698 nonnulla
421 1634 507 1716 apud
528 1636 736 1719 anonymum,
774 1634 830 1718 qui
863 1633 957 1716 vulgo
980 1630 1132 1714 Scymnus
1154 1629 1254 1697 Chius

90 1738 287 1822 appellatur,
312 1744 343 1804 et
365 1738 552 1806 Strabonem
574 1746 700 1807 servata
720 1746 808 1825 sunt,
831 1743 1021 1824 cognoscere
1042 1737 1146 1803 liceat.
1191 1737 1255 1803 Ne-

91 1863 153 1928 que
174 1849 281 1910 tamen
302 1846 335 1909 in
356 1847 591 1929 pertractandis
612 1848 652 1912 iis
675 1847 766 1931 parvi
789 1853 838 1913 est
858 1843 1026 1928 momenti,
1046 1842 1131 1927 quod
1153 1861 1256 1925 quum

89 1952 219 2036 longum
246 1953 329 2018 inter
350 1953 512 2037 Ephorum
540 1959 637 2038 atque
664 1975 736 2039 eos,
763 1954 909 2036 quicum
932 1951 1129 2034 expilarunt,
1156 1950 1257 2017 inter-

93 2059 186 2125 cedat
205 2061 359 2144 temporis
382 2062 537 2143 spatium,
559 2081 622 2143 quo
642 2066 675 2127 et
694 2061 816 2127 incolae
835 2061 915 2125 varii
935 2058 985 2123 his
1007 2059 1085 2124 locis
1106 2077 1141 2122 se
1163 2077 1257 2123 exce·

90 2171 207 2249 parunt
229 2171 261 2230 et
282 2186 380 2231 novus
401 2166 447 2232 ibi
470 2168 593 2231 exstitit
614 2168 692 2232 ordo
715 2189 838 2251 rerum,
860 2170 971 2251 gentes
995 2183 1121 2248 quoque
1143 2183 1256 2242 novae,

93 2291 175 2355 quae
196 2279 429 2357 apparuerunt,
452 2275 591 2339 nondum
614 2276 692 2340 satis
712 2275 866 2358 cognitae,
890 2294 960 2338 curn
982 2272 1054 2338 ahie
1076 2270 1258 2338 notioribus

92 2377 351 2457 conferebantur,
385 2383 481 2462 atque
513 2380 553 2446 cb
586 2379 669 2446 hanc
701 2401 829 2446 causam
868 2385 901 2444 et
929 2386 988 2444 nos
1012 2377 1258 2462 diligentissime

93 2484 173 2550 haec
205 2486 325 2563 omnia,
363 2506 445 2568 quae
481 2508 501 2552 a
534 2487 765 2570 posterioribus
797 2491 918 2552 inserta
955 2490 1046 2563 sunt,
1086 2502 1257 2550 secernere

94 2596 227 2676 oportet.

196 2698 348 2784 Scymnus
371 2698 468 2765 Chius
478 2700 503 2786 3)
532 2721 628 2783 quum
648 2701 682 2765 in
704 2719 799 2783 opere
821 2719 893 2779 suo,
928 2697 1012 2780 quod
1034 2718 1073 2763 ex
1092 2697 1257 2764 uariorum

70 2821 72 2826 ·
93 2806 282 2872 testimoniis
299 2808 457 2891 congestis
471 2808 793 2892 conglutinaveratt),
816 2807 858 2872 ad
880 2827 953 2890 eas,
976 2826 1055 2889 quas
1075 2826 1133 2872 nos
1153 2805 1256 2890 respi-

94 2913 206 2989 cimus,
228 2915 373 2996 regiones
394 2914 620 2980 describendas
643 2915 869 2998 processisset,
890 2913 969 2977 fines
986 2911 1135 2994 Scythiae
1156 2915 1257 2996 atque

94 3022 219 3103 gentes,
245 3038 326 3100 quae
353 3020 387 3083 in
408 3039 446 3085 ea
465 3019 672 3098 habitabant,
706 3021 953 3103 septentrionem
983 3038 1091 3083 versus
1116 3037 1258 3102 pergens

95 3144 134 3188 ex
155 3123 283 3206 Ephoro
301 3123 404 3191 affert.
444 3126 643 3209 Quamquam
653 3126 784 3211 Ephoro
807 3125 893 3209 apud
915 3124 1082 3210 Scymnum
1105 3144 1176 3188 cum
1194 3123 1258 3189 He

94 3230 207 3295 rodoto
228 3231 263 3295 in
283 3232 505 3298 enumerandis
523 3234 656 3319 singulis
669 3234 856 3319 Scytharum
878 3232 1027 3317 gentibus
1049 3228 1188 3296 maxima
1208 3234 1260 3296 est

95 3337 283 3417 similitudo,
312 3344 420 3404 tamen
442 3339 627 3426 discrimen,
659 3342 746 3425 quod
766 3343 850 3407 inter
873 3341 926 3405 eos
948 3337 1133 3416 intercedit,
1166 3335 1260 3403 haud

94 3464 228 3527 parvum
250 3449 299 3510 est
321 3466 417 3528 quum
439 3446 524 3529 quod
542 3448 586 3513 ad
607 3448 693 3531 loca,
728 3467 811 3530 quae
844 3451 977 3528 uterque
1005 3445 1090 3510 inter
1111 3442 1259 3527 singulas

95 3550 259 3625 distribuit
281 3559 408 3637 gentes,
436 3559 504 3619 tum
525 3557 610 3638 qued
631 3556 674 3621 ad
692 3556 835 3634 nomina,
866 3553 980 3636 quibus
1000 3573 1055 3618 eas
1077 3549 1258 3635 appellant,

94 3657 218 3733 attinet.
260 3660 365 3743 Atque
392 3662 510 3727 omissa
537 3663 601 3729 iam
628 3669 722 3747 gente
749 3661 976 3744 Oarpidarum,
1004 3659 1058 3742 qui
1079 3657 1123 3724 ad
1135 3657 1259 3724 Istrum

199 3874 208 3906 ¹
237 3874 261 3924 v
281 3872 323 3936 33,
342 3873 365 3925 a.

58 3952 63 3959 ’
196 3873 220 4028 ²i
241 3961 278 4014 iu.
297 3962 337 4017 1x
356 3965 379 4030 1,
398 3966 423 4017 4.
443 3965 565 4021 xxxiv
581 3968 607 4028 1,
624 3969 649 4021 a.
669 3965 761 4021 strab.
779 3965 793 4018 1
811 3967 837 4032 a,
856 3965 898 4016 aa.

206 4052 219 4206 l

198 4051 209 4084 ³
237 4050 303 4104 Orb.
324 4051 446 4120 descrpt.
465 4055 490 4124 ξ.
508 4057 555 4109 841
576 4071 636 4125 sgq.
656 4056 711 4125 (ed.
730 4053 865 4119 Mueller.)

195 4138 469 4211 ‘Mamm
