2706 4566
574 198 766 262 -i-

92 383 190 458 atque
209 378 282 440 eius
310 376 478 449 ministrae
500 373 702 448 Amazones,
734 378 916 440 comitatur.
962 372 1001 439 In
1023 365 1134 455 Syria,
1163 373 1250 452 quod

92 505 213 550 nomen
233 485 372 563 primum
394 483 509 543 latiore
533 481 772 558 significatione
787 491 990 564 usurpatum,
1011 487 1128 561 postea
1141 486 1250 543 certae

90 594 217 657 nationi
236 591 374 652 inditum
397 592 459 656 est.
473 587 496 663 1)
519 604 594 648 cum
617 588 688 659 dea,
703 608 786 668 quae
803 593 987 655 Tanaisvel
1001 590 1133 652 Anahiti
1145 589 1250 666 appel·

91 704 218 764 labatur
242 704 340 778 atque
363 714 438 758 cum
461 695 675 759 Semiramide
706 701 825 762 coliata
848 703 961 781 erat,²)
992 701 1166 762 coniuncta
1189 703 1249 771 est,

92 809 178 870 unde
200 808 233 866 in
256 805 337 866 alias
360 809 464 864 terras
481 804 643 880 migravit.
687 808 795 884 Atque
816 808 1021 880 sediciosis,
1042 806 1127 884 apud
1142 807 1250 867 varios

91 916 237 995 populos,
261 929 335 974 eam
357 912 556 984 invenimus,
582 917 618 972 ut
640 914 743 989 Paphi
765 917 799 976 in
822 917 929 994 Cypro
951 922 984 978 et
1002 916 1174 992 Cytheram
1194 914 1250 975 ubi

93 1021 267 1086 aGraecis
285 1018 466 1096 Aphrodita
495 1019 615 1079 Urania
645 1023 807 1096 appellata
835 1025 939 1099 est³);
968 1024 1002 1083 in
1026 1021 1250 1096 Samothrace,

93 1147 177 1208 quas
203 1129 341 1188 deorum
367 1125 480 1199 Matri,
511 1143 610 1204 quam
637 1128 826 1192 Herodotus
836 1129 862 1210 4)
892 1128 1015 1194 Isidem
1051 1145 1126 1190 esse
1163 1129 1250 1203 dicit,

94 1253 186 1300 sacra
208 1239 294 1305 erat,
319 1235 505 1294 Amazones
525 1234 555 1293 ei
584 1251 657 1295 aras
682 1241 927 1312 exstruxerunt,
950 1254 1089 1317 quarum
1112 1236 1253 1296 ministri

95 1344 308 1421 Corybantes,
322 1343 464 1418 Magnae
480 1341 580 1420 Deae,
595 1353 707 1423 rmum,
725 1354 837 1425 amns,
851 1347 917 1419 filii,
939 1349 1039 1407 erant.
1049 1345 1075 1417 δ’)
1094 1343 1132 1404 In
1153 1344 1253 1404 Thra·

95 1455 143 1514 cia
157 1465 286 1528 quoque
303 1452 401 1526 atque
416 1448 450 1507 in
464 1449 600 1509 Boeotia
615 1456 695 1511 nota
708 1459 786 1524 erat,
798 1448 826 1534 ⁶)
850 1470 914 1531 quo
937 1453 1035 1513 etiam
1054 1452 1251 1524 Amazones,

92 1567 128 1621 ut
142 1558 331 1619 sacerdotes
348 1556 428 1628 eius,
451 1560 582 1616 secutae
594 1555 712 1635 sunt;⁷)
743 1561 865 1636 Ephesi
878 1561 1050 1637 praecipue
1065 1558 1252 1619 Amazones

92 1669 176 1728 hanc
200 1666 304 1737 deam,
328 1679 412 1742 quae
435 1664 519 1724 hanc
542 1664 584 1723 ob
609 1680 739 1726 oausam
770 1684 890 1729 nomen
912 1652 1056 1746 Ἁμαζσόν
1079 1666 1216 1745 accepit,
1225 1666 1252 1741 8)

92 1773 243 1835 colebant
252 1772 278 1846 9)
310 1776 421 1848 atque,
441 1771 601 1846 templum
637 1773 667 1832 ei
699 1773 776 1833 illud
807 1775 1024 1835 clarissimum
1061 1772 1252 1833 aedificasse

93 1879 303 1948 dicuntur.¹⁰)
329 1878 411 1937 Tum
442 1878 474 1936 in
504 1879 610 1954 magis
639 1881 947 1955 septentrionalibus
977 1878 1182 1955 regionibus,
1212 1880 1253 1940 ad

93 2005 183 2050 oram
206 1986 306 2047 maris
321 1986 445 2062 Aegaei
468 1990 501 2046 et
526 1986 631 2058 Ponti,
654 1988 842 2047 Amazones
864 1988 898 2047 in
921 1987 1085 2063 plerisque
1108 1986 1252 2059 urbibus,

91 2101 127 2156 ut
137 2093 305 2171 Smyrnae,
320 2091 431 2169 Cyme,
447 2093 608 2170 Myrinae,
618 2094 741 2165 Pitane,
757 2092 889 2170 Sinope,
904 2091 1252 2166 commemorantur,¹¹)

91 2202 209 2280 quibus
238 2200 319 2261 locis
339 2202 470 2260 Astarte
499 2217 630 2279 quoque
654 2200 830 2263 colebatur.
875 2203 911 2260 In
935 2198 1140 2277 Cappadocia
1163 2215 1252 2270 vero,

93 2310 134 2370 ad
151 2308 429 2369 Thermodontem
454 2309 602 2380 fluvium,
628 2324 740 2368 earum
756 2307 888 2369 sedibus
904 2308 1079 2379 collocatis,
1100 2324 1201 2385 quum
1219 2307 1253 2366 in

93 2422 141 2478 tot
160 2418 232 2477 aliis
255 2416 337 2476 locis
359 2415 483 2492 passim
505 2431 616 2475 earum
638 2416 762 2476 mentio
784 2415 869 2475 facta
889 2419 988 2486 esset,
1009 2415 1050 2474 de
1072 2415 1136 2475 illis
1158 2430 1253 2490 expe·

93 2525 270 2586 ditionibus
307 2527 406 2600 atque
439 2539 560 2598 magno
591 2523 799 2584 Amazonum
835 2523 972 2598 imperio
1001 2523 1111 2598 opinio
1139 2526 1253 2583 exorta

92 2808 230 2863 ostionem
254 2808 280 2863 ei
308 2807 419 2876 tribuit,
445 2823 516 2876 quae
542 2810 572 2863 in
598 2810 738 2865 vocabulo
766 2809 894 2863 Abtt'iirt
918 2809 1066 2878 Ur·appa,
1084 2807 1163 2876 quasi
1179 2811 1255 2864 terra

93 2897 332 2968 λευκοπρόσωπον,
351 2898 431 2953 inest.

212 2991 233 3057 ¹)
252 2987 303 3042 cir.
321 2987 481 3043 Noeldeke:
501 2985 639 3058 Ἀσσύριος
660 2990 767 3058 Σύριος
784 2989 888 3059 Σύρος.
911 2992 1037 3061 Hermes,
1055 2989 1087 3045 T.
1105 2990 1133 3045 V
1150 3007 1176 3060 p.
1196 2992 1256 3048 448.

213 3078 238 3146 ²)
256 3075 307 3130 cir.
325 3077 438 3133 Movere
456 3079 474 3133 l.
493 3095 515 3134 c.
535 3081 564 3134 II
583 3082 606 3152 1,
624 3097 653 3149 p.
671 3083 721 3137 173
739 3086 810 3136 nott.
828 3084 870 3135 48.
890 3082 932 3136 68.

212 3166 235 3234 ⁸)
252 3166 267 3223 1
284 3179 308 3218 o.
327 3167 385 3236 105,
403 3167 487 3226 Diod.
505 3170 531 3226 ll
549 3186 573 3227 c.
588 3172 614 3225 4.

209 3256 233 3324 ⁴)
250 3256 278 3312 Π
296 3270 320 3312 o.
337 3256 379 3310 69.
398 3272 421 3313 a
441 3260 498 3314 166.

210 3345 232 3414 ⁸)
250 3344 354 3400 Herod.
374 3348 413 3403 ΙΙΙ
437 3363 461 3402 o.
477 3351 520 3419 48,
540 3350 625 3405 Diod.
644 3351 685 3404 ΙΙΙ
703 3363 728 3404 c.
745 3347 787 3416 55,
806 3345 898 3402 Strab.
917 3347 944 3400 X
963 3347 989 3414 8,
1008 3347 1050 3400 al.

211 3438 234 3504 ⁰)
252 3436 336 3491 Diod.
356 3438 384 3491 ΙΙ
402 3453 425 3492 o.
441 3440 484 3492 46.
502 3439 598 3507 Steph.
615 3441 684 3510 Byz.
700 3453 727 3491 v.
747 3434 913 3505 Τευμησσός.

210 3527 233 3595 ⁷)
251 3526 335 3580 Diod.
352 3527 394 3581 IV
413 3543 436 3582 c.
454 3530 496 3582 28.
507 3530 580 3585 Plut.
599 3529 648 3585 vit.
667 3528 749 3583 Thes.
769 3544 793 3586 c.
809 3530 851 3583 27.
872 3530 914 3583 28.
938 3527 989 3582 cir.
1007 3528 1119 3583 Movere
1137 3528 1165 3583 II
1186 3530 1211 3596 2,
1231 3544 1255 3595 p.

94 3616 129 3671 86
146 3632 187 3685 sq.

212 3707 234 3775 ⁸)
254 3707 373 3764 Pausan.
390 3708 432 3762 IV
449 3710 491 3777 31,
512 3711 537 3764 8.
806 3752 808 3761 .

210 3797 234 3864 ο)
256 3797 360 3853 Herod.
389 3801 400 3854 I
429 3814 453 3853 c.
481 3801 523 3854 86.
565 3799 671 3857 Gallim.
702 3797 797 3869 hymn.
825 3798 854 3851 in
886 3798 966 3852 Dian.
1009 3795 1104 3866 Steph.
1131 3797 1202 3866 Byz.
1230 3812 1257 3850 v.

94 3884 230 3954 Ephesus.

199 3975 232 4043 ¹⁰)
250 3975 356 4032 Ouilim.
378 3976 405 4031 b.
423 3977 452 4032 in
471 3977 552 4033 Dian.
575 3977 645 4034 Plin.
663 3977 691 4032 V
714 3978 757 4046 89,
776 3976 834 4031 116.
855 3977 974 4031 Pausan.
992 3976 1034 4029 IV
1052 3976 1095 4043 81,
1114 3975 1138 4029 6.
1157 3974 1255 4043 Pomp.

95 4061 259 4119 Maielli.

195 4152 966 4227 mmmmmmmmmmmmm
