2706 4566
586 197 803 269 ...yn-

114 382 206 465 Quae
238 385 349 447 omnia
381 399 480 463 quum
516 381 680 443 artissime
715 382 776 441 sibi
803 382 1039 459 respondeant,
1070 385 1207 447 multum
1232 386 1273 448 ad

114 496 284 557 veritatem
312 495 504 570 loquuntur,
531 489 688 566 Assyrios
722 490 772 548 vel
801 492 935 551 omnino
964 493 1127 553 Asiaticas
1157 498 1274 571 gentes

116 602 168 662 bis
189 601 269 661 locis
290 599 483 673 saepissime
505 599 655 655 versatos
675 611 750 656 esse
774 602 872 674 atque
892 599 982 658 iuxta
1004 599 1121 671 Cares,
1142 603 1214 678 qui,
1240 609 1275 662 ut

116 709 292 768 distinctim
312 705 435 765 Plinius
458 703 555 763 tradit
565 702 597 775 ¹),
619 703 658 763 ad
683 705 804 763 ostium
827 705 981 766 Tanaidis
1001 709 1099 779 fluvii,
1120 710 1178 770 ubi
1198 712 1275 770 Pto·

110 812 293 882 lemaeus²l
317 813 475 874 Caroeam
497 811 606 871 vicum
628 810 730 890 novit,
758 812 896 871 finitima
917 815 1013 889 primi
1034 822 1183 888 tenuere,
1211 818 1275 878 fru-

115 929 187 984 ctus
211 936 356 997 opesque
380 922 493 978 borum
513 917 659 977 locorum
680 935 744 993 per
759 919 1006 994 mediterranea,
1031 929 1067 981 ut
1088 924 1274 1001 Ezechieli)

116 1032 181 1090 iam
209 1029 268 1088 hoc
295 1031 448 1096 annotat,
475 1025 661 1085 abstulisse.
712 1026 801 1086 Haeo
830 1029 939 1087 omnia
965 1031 1168 1106 testimonia,
1190 1049 1276 1110 quae

116 1153 216 1215 quum
239 1153 279 1194 ex
302 1134 435 1203 tabulis,
459 1147 597 1208 quarum
622 1133 714 1209 origo
736 1149 776 1192 ex
799 1135 879 1194 Asia
901 1135 1091 1196 deducenda
1114 1147 1180 1210 est,
1206 1145 1276 1199 tum

110 1262 156 1311 ,ex
181 1243 392 1320 scriptoribus
414 1240 499 1301 haud
514 1241 693 1316 despectae
716 1243 918 1302 auctoritatis
940 1243 1170 1315 dilucidantur,
1199 1261 1276 1305 oon·

118 1354 312 1420 suetudinis,
335 1367 417 1428 quae
440 1351 526 1408 inter
547 1353 666 1424 gentes
687 1349 770 1407 haec
792 1349 974 1410 incolentes
999 1352 1071 1411 loca
1091 1354 1277 1413 vetustissi-

116 1462 178 1520 mis
192 1460 288 1519 iuerit
311 1456 513 1531 temporibus
535 1463 680 1532 monent,
703 1459 801 1532 atque
820 1457 969 1516 notitiam
988 1459 1163 1519 aDiodoro
1182 1459 1278 1521 nobis

116 1568 274 1644 prolatam
302 1563 525 1638 comprobant.
568 1561 660 1636 Quae
683 1577 736 1621 res
759 1578 955 1639 quum2non
982 1565 1169 1626 coniectura
1197 1568 1278 1638 sola,

117 1674 178 1733 sed
200 1673 317 1730 mirum
340 1671 374 1728 in
397 1668 529 1727 modum
553 1668 705 1728 omnibus
727 1671 935 1741 testimoniis,
955 1687 1039 1749 quae
1057 1672 1098 1731 ad
1114 1674 1200 1734 hano
1221 1691 1278 1735 no·

115 1775 219 1840 titiam
242 1781 401 1853 spectant,
421 1780 586 1852 teneatur,
609 1775 698 1834 nulla
720 1777 752 1834 in
777 1777 837 1836 bao
859 1792 959 1838 oausa
980 1778 1138 1840 dubitatio
1163 1781 1278 1842 inesse

117 1892 241 1964 potest,
267 1887 344 1963 quin
368 1890 485 1961 gentes
507 1883 547 1942 ad
570 1884 768 1944 Maeotidem
794 1886 946 1961 paludem
975 1889 1186 1965 Assyriorum
1207 1891 1278 1952 Me·

117 1996 297 2070 dorumque
327 1993 392 2053 sint
420 1991 546 2066 proles,
574 2007 711 2068 quarum
740 1991 829 2051 Medi
857 2009 958 2069 quum
984 1995 1036 2054 his
1058 1995 1149 2064 locis,
1172 1998 1277 2073 prius·

118 2117 215 2179 quam
240 2101 280 2158 ab
311 2098 457 2173 Assyriis
482 2097 620 2157 subiecti
646 2104 738 2169 sunt,
764 2098 938 2173 plurimum
968 2102 1185 2178 valuissentlr
1206 2106 1277 2166 siue

116 2210 180 2284 ipsi
208 2206 398 2282 negotiandi
426 2219 525 2265 causa
551 2203 596 2262 ibi
625 2205 770 2278 emporia
797 2204 1027 2281 condiderunt,
1058 2212 1128 2271 sire
1157 2211 1277 2283 coloni,

117 2315 157 2374 ab
181 2315 326 2389 Assyriis
348 2313 490 2381 subacti,
521 2327 561 2370 eo
586 2313 678 2376 missi
700 2317 787 2372 sunt.
831 2315 925 2389 Quod
949 2317 976 2376 si
997 2333 1056 2392 pro
1079 2325 1168 2380 certo
1193 2319 1276 2381 acci·

116 2423 224 2499 pimus
246 2422 410 2497 pleraque,
439 2434 523 2496 quae
545 2419 742 2479 insontibus
764 2421 805 2481 ad
822 2422 883 2482 has
903 2425 1126 2498 spectantibus
1148 2431 1276 2502 gentas,

117 2528 233 2589 fabulis
254 2529 359 2602 magis
379 2526 497 2585 similia
511 2527 731 2599 inveniuntur,
752 2530 923 2604 perspicua
945 2533 1041 2592 nobis
1061 2538 1158 2593 erunt
1179 2537 1276 2613 atque

117 2636 252 2697 abiectis
276 2635 473 2694 Graecorum
497 2633 728 2694 additamentis
757 2651 864 2696 rerum
888 2653 965 2697 vere
989 2645 1156 2715 gestarum
1182 2645 1276 2702 natu·

116 2760 183 2804 ram
208 2742 416 2803 exhibebunt:
461 2741 574 2819 Itaque
596 2741 637 2801 ob
656 2742 741 2803 banc
763 2759 896 2804 causam
913 2746 1118 2809 Amazonum
1132 2745 1276 2812 fabulam

115 2850 378 2916 retusdssimum
396 2850 520 2910 fontem
539 2866 662 2921 eorum,
684 2851 739 2928 qui
757 2851 798 2911 ad
818 2853 1064 2929 perlustrandas
1083 2855 1278 2920 Sauromata

116 2975 190 3020 rum
208 2975 264 3020 res
283 2961 396 3034 gestas
410 2958 585 3034 pertinent,
609 2960 752 3019 statuere
766 2974 827 3019 nos
850 2965 988 3037 oportet,
1010 2963 1065 3042 qui
1086 2965 1221 3028 Diodori
1244 2970 1279 3030 st

115 3067 209 3129 Plinii
217 3065 241 3142 ⁶)
262 3065 454 3128 testimonio
477 3065 668 3142 explicatum
687 3071 757 3143 tum
770 3059 920 3130 naturam
937 3088 1068 3151 quoque
1084 3073 1278 3137 bellicosam

115 3175 382 3238 Sauromatarum
416 3173 589 3236 mulierum
618 3174 796 3237 Artemidis
831 3179 1037 3242 sacerdotum
1060 3166 1180 3263 modi,
1210 3198 1276 3261 quo

115 3301 187 3347 eam
204 3283 364 3355 colebant,
385 3284 535 3360 exempla
547 3285 641 3362 sequi
652 3284 821 3357 ridemus3
844 3290 941 3366 atque
957 3288 1045 3366 quod
1055 3278 1244 3367 Herodotus
1251 3287 1278 3367 ο)

116 3393 157 3455 de
177 3392 401 3454 Amazonibus
420 3396 539 3463 narrat,
561 3392 656 3469 quasi
678 3399 788 3453 vestes
811 3393 923 3455 viriles
940 3395 1056 3476 ferant,
1078 3396 1278 3474 hocoptime

114 3503 147 3563 in
172 3502 383 3579 Assyriorum
404 3501 642 3579 Medorumque
667 3500 814 3563 habitum
836 3504 1006 3578 convenit,
1028 3504 1084 3583 qui
1102 3503 1277 3568 Sauroma-

219 3712 229 3744 ¹
638 3742 641 3748 .

217 3708 378 3867 3199Ιὲ1)
406 3801 470 3856 199:
487 3802 597 3868 Καροία
614 3798 699 3872 κώμη,
718 3801 779 3859 cod.
797 3800 984 3862 Fontcbland.
1001 3803 1102 3870 Καρία.

216 3890 239 3957 ¹)
257 3888 364 3945 XXVII
382 3892 415 3944 13
430 3907 472 3960 sq.

217 3980 240 4047 ⁴)
257 3978 341 4034 Diod
360 3980 697 4054 llo.l.olr.1)unoker,
718 3984 1172 4054 Gcsch.d.Alterth.IIp.416.

216 4070 337 4140 ⁶,lv17
359 4071 404 4125 19:
423 4071 569 4129 Sarmatae
589 4072 733 4162 Medorum
752 4076 872 4134 soboles.
1088 4106 1091 4110 -
1195 4064 1216 4116 li

216 4157 415 4226 ⁶)1Vm116
809 4192 814 4203 ,
959 4192 982 4203 ,,
1034 4187 1062 4206 ,Ι
1099 4156 1177 4205 girl:
