2706 4566
574 564 760 676 VITA.

624 813 708 824 nnn-u·-

190 1024 254 1099 Ego
277 1023 425 1084 Antonius
447 1021 556 1083 Kaiiua
580 1027 671 1082 ,natus
701 1040 764 1096 sum
790 1041 816 1081 a.
843 1021 872 1080 d.
899 1022 935 1081 X.
958 1021 1025 1080 Kal.
1056 1021 1156 1081 Iunias
1181 1024 1250 1082 armi

90 1151 320 1211 MDCCOXLVI
343 1152 373 1210 iu
395 1150 461 1211 vico
482 1151 625 1227 Krempa,
656 1152 685 1209 in
707 1169 813 1226 magno
836 1151 945 1211 ducatu
967 1152 1160 1211 Posuauiensi
1182 1152 1249 1233 sito,

89 1284 173 1354 patre
193 1279 310 1339 Simone
333 1284 362 1338 et
389 1285 482 1340 matre
503 1280 596 1338 Maria
618 1297 634 1337 e
657 1285 744 1354 gente
767 1280 954 1357 Kostmewa,
978 1299 1065 1370 quam
1092 1282 1248 1342 dilectissi-

89 1425 164 1465 mam
188 1413 273 1467 sexte
296 1427 372 1467 aune
397 1413 466 1484 pest
493 1426 537 1465 me
560 1408 668 1467 editum
700 1415 843 1469 mortuam
865 1409 990 1470 maxime
1012 1411 1107 1486 lugeo,
1152 1412 1251 1470 Prima

89 1534 239 1593 literarum
263 1536 406 1594 elementa
425 1535 456 1593 in
477 1535 574 1611 patrio
598 1537 664 1595 vice
687 1535 792 1613 didici3
816 1542 876 1596 tum
898 1536 1051 1612 gymnasio
1067 1535 1251 1596 Ostrovieusi

92 1662 232 1738 auspiciis
254 1662 415 1723 doctissimi
435 1663 491 1722 viri
516 1664 623 1739 Engeri
646 1663 828 1741 adscriptus,
851 1683 904 1740 per
926 1683 978 1724 sex
999 1682 1092 1725 annos
1114 1665 1250 1741 frequen·

91 1790 169 1867 tavi,
209 1791 315 1850 deiude
347 1792 464 1850 Sremae
493 1790 678 1867 gymnasium
711 1791 817 1870 petivi,
854 1793 932 1868 quod
963 1793 1009 1851 vir
1036 1793 1252 1854 illustrissimus

93 1917 259 1993 Stephanus
283 1936 403 1982 summo¹
416 1936 482 1977 cum
503 1919 654 1978 literarum
677 1920 871 1978 emolumento
894 1921 1078 1995 gubernabat
1092 1921 1251 1995 guberuat-

92 2065 158 2121 quc.
203 2047 326 2135 Duobus
347 2045 433 2105 annis
451 2052 519 2122 post
541 2047 739 2106 testimonium
758 2047 936 2107 maturitatis
955 2045 1140 2107 academicae
1161 2045 1250 2122 adep·

89 2178 147 2252 tus,
166 2173 386 2235 universitatem
408 2175 568 2234 literariam
591 2177 762 2235 Viadriuam
784 2176 855 2253 adii,
877 2182 910 2235 ut
931 2193 1036 2234 nomeu
1058 2176 1137 2252 apud
1156 2175 1249 2234 facul-

89 2307 178 2361 tatem
208 2301 443 2379 philosophicam
475 2303 598 2362 ederem.
651 2303 767 2364 Scholia
800 2306 863 2364 VV.
896 2304 942 2363 iil.
975 2304 1111 2382 Braniss,
1150 2305 1250 2380 Hertz,

90 2429 268 2509 Juukmanu,
290 2432 433 2510 Nehriug,
455 2433 677 2510 Reifferscheid,
698 2434 862 2512 Rossbach,
885 2452 937 2510 per
956 2433 1015 2494 tria
1032 2435 1184 2494 semestris
1205 2433 1249 2493 in·

90 2561 194 2638 terfui,
230 2567 291 2622 tum
327 2562 508 2621 Vratislavia
538 2562 642 2622 relicta
677 2563 844 2623 Berolinom
876 2563 1008 2624 discessi.
1059 2563 1116 2623 Hic
1151 2563 1250 2623 audivi

90 2689 208 2748 scholas
221 2693 284 2749 VV.
298 2691 345 2749 Ill.
360 2690 488 2769 Curtius,
512 2692 658 2768 Droysen,
682 2690 820 2769 Geppert,
845 2693 955 2771 Haupt,
978 2694 1127 2771 Huebner,
1142 2691 1249 2753 Kirch-

90 2816 160 2894 hoff,
181 2818 350 2895 Mommsen,
372 2817 527 2896 Steinthal,
549 2817 802 2897 Trendelenburg,
823 2838 909 2895 quem
923 2839 1016 2897 nuper
1029 2828 1122 2882 morte
1144 2821 1249 2898 abrep-

87 2953 147 3005 tum
167 2964 232 3005 cum
255 2947 389 3006 omnibus
411 2947 499 3006 huius
521 2947 689 3007 academiae
710 2946 824 3007 civibus
849 2949 935 3007 vaide
957 2948 1051 3009 doleo.
1095 2948 1251 3009 Societatis

88 3072 286 3148 philologicac
316 3074 354 3132 ab
387 3075 434 3134 Ill.
463 3076 621 3136 Huebnero
650 3076 804 3136 institutae
835 3076 945 3137 sodalis
974 3077 1086 3153 factus,
1112 3095 1166 3153 per
1192 3076 1250 3136 duo

87 3199 241 3260 semestria
268 3199 355 3259 huius
381 3201 437 3260 viri
465 3203 668 3265 benevolentia
691 3204 722 3264 iu
749 3205 855 3265 studiis
885 3205 1057 3266 exercendis
1083 3224 1154 3266 usus
1176 3224 1250 3266 sum.

88 3327 202 3399 Quibus
217 3328 290 3390 viris
307 3334 337 3393 et
354 3329 480 3408 reliquis
496 3333 749 3410 praeceptoribus,
772 3333 808 3393 de
828 3353 873 3393 me
886 3333 995 3410 optime
1011 3334 1132 3412 meritis,
1153 3334 1249 3396 auimo

85 3455 135 3532 pio
154 3457 280 3533 gratiam
303 3476 390 3534 quam
412 3459 569 3522 maximam
590 3460 687 3522 refoto
710 3479 882 3538 semperque
904 3461 1030 3523 habebo.
