2706 4566
564 204 775 266 -10-

45 361 47 365 ⁷
91 375 198 453 oebct,
207 374 230 451 ¹)
242 375 440 458 ..immam
463 376 526 437 alta
545 376 700 455 pleraque
725 374 766 436 ad
787 377 928 436 Pontum
949 373 1211 437 aedificaverunt.
1220 373 1248 446 ¹)

92 485 184 560 Quae
197 498 251 544 res
264 466 365 562 quum
379 483 419 544 de
442 483 513 544 eius
536 484 623 543 cultu
646 484 697 544 his
712 484 792 544 locis
810 481 983 544 notissimo
1005 485 1155 554 testatur,
1177 486 1247 542 turn

47 664 50 668 .
92 607 240 652 causam.
262 606 347 668 quae
370 589 557 651 Amazones
579 608 653 651 cum
676 589 806 669 Scythis
835 587 1054 668 coniungit,³)
1076 588 1173 650 nobis
1195 605 1248 650 ex·

90 698 198 774 plicat.
241 698 289 758 Ex
307 697 357 769 iis,
375 715 458 775 quae
482 698 666 769 attulimus,
688 701 838 774 apparet,
861 696 1064 768 Amazones,
1088 711 1173 773 quae
1194 695 1249 754 iis·

93 803 179 884 dem,
202 805 320 882 quibus
335 805 485 864 Astartes
500 805 605 865 cultus
620 809 905 872 commemoratur,
925 804 1007 864 locis
1025 803 1121 865 nobis
1139 820 1250 865 occur·

92 915 182 982 runt,
207 912 278 972 eius
302 927 411 972 sacras
431 912 597 972 ministras
619 913 738 983 fuisse,
756 927 935 988 earumque
957 911 1077 972 fortem
1099 928 1137 972 ac
1160 911 1250 972 belli·

93 1034 205 1083 cosam
218 1023 368 1078 naturam
382 1035 484 1097 aeque
500 1035 537 1078 ac
551 1035 684 1092 morem,
707 1024 743 1079 ut
762 1017 1000 1079 consuetudine
1016 1035 1090 1079 cum
1105 1019 1183 1079 viris
1198 1036 1250 1080 ca·

92 1128 201 1197 reaut,
233 1141 272 1185 ex
305 1125 419 1193 modo,
453 1142 517 1202 quo
548 1125 643 1186 deam
672 1126 838 1196 colebant,
875 1140 1064 1196 emanasse,
1095 1125 1249 1186 manifes-

92 1263 163 1321 tum
186 1263 247 1320 est.

194 1365 290 1426 Notio
325 1365 423 1425 huius
456 1364 550 1436 deae,
589 1369 744 1443 tanquam
779 1366 924 1441 parentis
959 1365 1105 1426 omnium
1142 1381 1250 1426 rerum

94 1459 272 1553 (ζῳογόνος
297 1458 382 1545 θεά),
407 1471 546 1532 undeet
568 1473 640 1532 cius
662 1490 782 1534 nomen
803 1461 999 1552 'loa-ysaac,
1019 1473 1112 1532 firma
1130 1472 1250 1549 genita,

92 1568 353 1651 rel’lttoootat),
375 1589 439 1664 lili,
456 1573 508 1654 br),
524 1580 584 1640 dea
598 1581 771 1652 firmitatis,
796 1586 829 1641 et
850 1581 1035 1640 castissima
1056 1594 1251 1658 semperque

93 1691 224 1757 floreus,
248 1702 346 1767 quam
369 1685 499 1746 obrem
523 1704 541 1745 a
560 1685 691 1764 Scythis
701 1686 725 1762 ⁵)
748 1692 781 1747 et
802 1686 1021 1747 Phoenicibus
1032 1684 1057 1760 ¹¹)
1083 1677 1254 1763 παρθένος

93 1801 191 1874 atque
211 1794 245 1853 in
268 1791 474 1853 Zendavesta
504 1792 594 1853 ardvi
622 1792 697 1875 circa
721 1792 880 1863 Ananim,
907 1795 1079 1864 aestuans,
1108 1792 1252 1865 robusta,

94 1902 215 1975 castel)
231 1900 355 1973 dicitur,
380 1901 497 1972 effecit,
522 1907 557 1961 ut
572 1902 730 1962 ministris
750 1902 820 1963 eius
844 1899 957 1961 eadem
970 1903 1085 1960 natura
1098 1898 1253 1960 tribuere·

93 2016 154 2072 tur.
197 2004 312 2087 Itaque
334 2013 370 2068 ut
391 2026 513 2070 numen
536 2010 695 2087 virginale
719 2026 739 2070 a
767 2009 946 2087 virginibus
975 2008 1104 2068 intactis
1126 2007 1255 2068 coleba-

95 2127 157 2189 tur,
166 2117 189 2192 ⁸)
211 2133 295 2194 quae
319 2133 393 2175 oum
416 2117 567 2177 castitate
591 2119 689 2178 etiarn
710 2118 808 2178 robur
830 2116 1084 2190 coniungentes,
1108 2101 1254 2177 saltatio·

95 2244 148 2306 ne,
169 2223 332 2285 bellicosis
353 2225 460 2298 magis
478 2225 575 2284 simili
591 2225 887 2296 exercitationibus,
908 2229 1064 2300 tympana
1076 2224 1256 2299 pulsantes,

98 2350 171 2396 eam
194 2330 406 2391 honorabant.
421 2327 446 2410 ¹)
467 2333 589 2392 Natura
612 2334 683 2393 eius
704 2333 795 2406 deae,
817 2348 901 2409 quae
924 2331 1017 2390 fortis
1030 2347 1068 2391 ac
1087 2329 1255 2403 bellicosa,

99 2443 228 2502 hastam
255 2455 355 2497 manu
373 2442 501 2510 tenens,
511 2434 549 2517 ¹⁰)
576 2440 663 2500 uude
688 2425 831 2519 Ἕγχειος
858 2437 1026 2515 appellata,
1037 2436 1075 2512 ¹¹)
1109 2439 1256 2498 venatrix

98 2538 393 2625 depingebatur,¹¹)
415 2545 602 2607 cultricibus
618 2564 749 2625 quoque
766 2549 837 2608 eius
851 2547 1011 2622 impressa
1031 2549 1091 2616 est,
1115 2561 1199 2622 quae
1220 2549 1256 2605 ut

98 2656 257 2720 satellites
290 2670 363 2714 eam
395 2659 537 2726 secutae,
550 2654 589 2731 ¹³)
620 2655 680 2716 sub
698 2655 816 2716 iisdem
839 2650 969 2726 formis,
991 2657 1089 2731 atque
1110 2652 1166 2713 illa
1186 2651 1257 2725 dea,

212 2819 232 2886 ¹)
252 2818 350 2873 Hecat.
369 2814 455 2874 llilss.
477 2833 520 2888 ap.
539 2817 633 2887 Steph.
652 2819 721 2890 Byr.
739 2835 761 2873 s.
780 2835 806 2873 v.
824 2817 918 2874 Strab.
935 2817 975 2872 XI
994 2818 1019 2885 2,
1039 2816 1081 2869 10.

211 2910 234 2978 ¹)
254 2907 336 2961 Diod.
357 2910 382 2962 11
403 2923 426 2962 c.
444 2909 487 2964 46.
504 2907 634 2976 Apollon.
645 2905 755 2977 Argon.
767 2911 792 2963 11
809 2908 868 2962 385.
887 2908 947 2960 404.
966 2906 1041 2960 1171.
1056 2904 1257 2962 1270.Arrisn.

97 3001 198 3070 Peripl.
217 3000 299 3053 Pont.
316 2999 387 3054 Dux.
403 3015 429 3067 p.
448 3001 473 3053 9.
492 2998 606 3067 (Huds.)

212 3091 234 3159 ⁸)
252 3088 336 3143 Diod.
355 3089 398 3143 IV
416 3104 439 3143 c.
458 3090 500 3142 28.
519 3088 622 3144 Justiu.
641 3091 676 3145 ΙΙ.
694 3089 719 3141 4.

210 3182 232 3244 ⁴)
251 3176 373 3248 Hesycb.
392 3193 415 3232 s.
433 3191 460 3233 v.

214 3272 237 3341 ⁸)
256 3270 361 3326 Herod.
379 3270 421 3325 IV
439 3285 462 3324 c.
486 3271 545 3327 108.

216 3361 238 3430 ¹)
256 3358 345 3416 Philo.
363 3359 446 3430 Bybl.
464 3359 523 3413 568.
541 3357 724 3427 8455110555.
742 3357 784 3410 80.
803 3355 846 3411 ed.
864 3385 898 3396 —
916 3351 1004 3408 Gaisl.

216 3453 239 3520 7)
257 3451 487 3507 Windischmann
505 3450 523 3505 l.
542 3466 566 3506 c.
584 3467 612 3519 p.
627 3451 686 3504 103.

217 3542 238 3610 ¹)
258 3540 342 3595 Diod.
361 3540 402 3594 lV
421 3555 444 3594 c.
464 3541 505 3595 16.
521 3540 601 3595 Ovid.
621 3554 655 3594 ex
673 3540 755 3595 Pont.
775 3542 813 3594 lll
835 3540 860 3606 2,
884 3537 926 3590 55.
944 3533 1014 3589 Plin.
1031 3530 1141 3587 XXXV
1158 3531 1201 3598 36,
1219 3527 1260 3582 17.

102 3633 176 3689 Plut.
194 3632 244 3685 vit.
261 3628 408 3686 Artaxerx
428 3646 450 3684 o.
469 3632 512 3684 27.

217 3723 240 3791 ¹)
258 3721 340 3775 Hom.
362 3719 412 3774 0d.
432 3720 473 3775 Vl
492 3720 549 3773 105.
567 3719 661 3774 XXlll
681 3720 739 3773 147.
767 3720 831 3772 Vlll
855 3715 914 3770 251.
938 3713 1032 3784 hymn.
1048 3712 1086 3767 in.
1108 3710 1181 3764 Ven.
1203 3707 1262 3763 120.

107 3812 194 3880 Verg.
214 3808 285 3865 Aen.
304 3810 317 3865 1
336 3812 388 3863 498
406 3825 447 3878 sq.
468 3806 558 3863 Arist.
575 3809 647 3863 Ran.
664 3810 723 3862 415.
742 3808 839 3864 Gallim
866 3806 893 3859 h.
911 3806 940 3859 in
957 3803 1040 3857 Dian.

206 3901 238 3968 ¹¹)
257 3899 343 3966 Verg.
362 3897 434 3952 Aen.
452 3899 465 3954 1
484 3898 525 3953 15.

207 3990 239 4057 ¹¹)
256 3987 378 4058 Hesyah.
398 4001 419 4041 a.
439 4002 466 4041 v.

208 4077 239 4146 ¹¹)
258 4077 341 4130 Hom.
358 4076 391 4130 ll.
409 4076 437 4130 V
455 4076 496 4130 51.
515 4075 582 4132 XXI
598 4074 650 4128 485
667 4089 709 4142 sq.

209 4166 241 4235 ¹⁸)
262 4165 344 4221 Diod.
362 4165 404 4222 IV
426 4167 465 4222 18.
581 4176 583 4179 ·
