2706 4566
570 215 782 284 ...32-

92 380 323 456 Sauromatioa
346 380 530 464 priusquam
552 382 711 464 nupserit,
740 382 883 447 occidere
905 383 1012 462 debet,
1040 386 1252 473 Hippocrates

90 494 175 554 tres
198 493 430 564 commemorat,
453 489 539 574 quod
555 509 664 553 omnes
681 489 755 555 libri
771 489 936 575 exhibent,
958 513 1060 577 neque
1079 496 1253 578 quidquam

90 598 134 663 ab
159 595 321 660 Herodoto
344 601 623 660 commemoratum
645 601 695 660 est
722 596 762 660 de
784 616 836 674 eo,
865 598 949 679 quod
976 619 1084 664 eorum
1105 601 1253 667 mulieres

93 705 210 769 dextra
237 708 381 768 carerent
402 722 555 778 mamma,
584 702 669 785 quod
696 701 907 785 Hippocrates
937 706 1039 782 novit,
1073 709 1128 790 qui
1157 728 1253 791 quum

93 809 277 895 diligentius
293 807 454 875 attulisset
474 808 612 892 modum,
635 828 697 890 quo
710 808 784 874 illae
800 830 870 875 eam
881 818 1060 897 exurerent,
1081 815 1254 879 incremen-

92 923 162 983 tum
183 939 246 983 non
269 938 383 1001 capere
403 924 435 983 et
453 938 544 983 omne
556 917 653 983 robur
668 919 856 1003 copiamque
872 920 914 984 ad
928 919 1074 985 dextrum
1089 920 1254 986 humerum

91 1031 125 1091 et
146 1025 312 1093 brachium
335 1026 520 1110 transmitti,
551 1025 733 1090 doctissime
755 1026 943 1092 observavit.
990 1027 1059 1092 Hoc
1085 1027 1254 1092 discrimen

91 1152 132 1196 ex
163 1153 202 1197 eo
227 1132 345 1208 evenit,
373 1132 458 1214 quod
486 1131 536 1196 vel
559 1131 771 1214 Hippocrates
799 1133 884 1215 ipse,
924 1134 1012 1199 aliud
1038 1134 1254 1198 testimonium

91 1245 230 1320 secutus,
254 1239 334 1306 haec
356 1240 474 1305 adiecit
492 1239 598 1322 verba,
620 1238 679 1322 vel,
702 1239 787 1322 quod
809 1238 926 1304 certius
948 1260 1018 1305 esse
1040 1239 1132 1322 duco,
1151 1244 1255 1323 poste-

90 1348 211 1412 riorum
233 1347 359 1430 aliquis,
381 1347 527 1430 quicum
551 1345 740 1430 explanavit,
764 1366 802 1410 ex
824 1346 896 1410 aliis
917 1345 1057 1412 fontibus
1076 1346 1159 1411 hauc
1175 1346 1256 1410 noti·

90 1454 170 1519 tiam
199 1453 418 1537 depromptam
440 1452 516 1517 huic
537 1452 743 1535 Hippocratis
765 1452 940 1516 narrationi
962 1452 1104 1517 inseruit.
1145 1451 1264 1533 Neque

93 1559 177 1622 enim
200 1561 331 1625 concedi
353 1565 474 1644 potest,
504 1558 715 1638 Herodotum,
745 1560 773 1622 si
797 1560 827 1622 ei
850 1558 976 1622 omnino
996 1558 1256 1623 Sauromatarum

91 1664 258 1732 mulierum
281 1666 461 1732 exurendae
481 1686 637 1731 mammae
659 1686 727 1731 mos
749 1670 842 1730 notus
861 1671 958 1749 esset,
988 1686 1059 1731 eum
1080 1665 1256 1742 reticuisse,

92 1778 301 1861 quiquidem
323 1778 410 1855 talia,
430 1783 526 1859 atque
555 1797 636 1859 quae
666 1781 740 1840 sunt
770 1776 899 1855 similia,
928 1778 1024 1840 immo
1050 1796 1125 1842 vero
1152 1777 1256 1841 minus

98 1883 318 1949 memorabilia
340 1888 517 1949 commenta
542 1882 783 1967 diligentissime
811 1882 944 1946 collecta
971 1881 1011 1947 de
1035 1883 1107 1947 aliis
1130 1881 1256 1965 populis

99 1982 206 2055 refert.
240 1990 352 2072 Neque
373 1990 468 2073 ratio,
490 2010 553 2072 qua
567 1988 647 2053 haec
667 1987 906 2052 narratiuncula
925 1987 965 2053 de
984 1987 1145 2053 exurenda
1160 2006 1256 2050 mam-

97 2116 152 2162 ma
174 2117 195 2162 a
217 2096 475 2162 Sauromatarum
498 2094 682 2160 mulieribus
711 2095 884 2172 exstiterit,
911 2094 1047 2162 obscura
1068 2099 1133 2178 est,
1161 2093 1257 2158 Grae-

98 2223 233 2286 cumque
267 2202 386 2268 lontem
414 2202 530 2287 prodit
576 2201 678 2278 Quum
708 2203 790 2267 enim
819 2202 950 2288 Graeci,
969 2204 1019 2269 vel
1045 2202 1257 2286 Hippocrates

100 2307 180 2390 ipse,
201 2310 235 2373 in
255 2309 408 2375 uocabulo
431 2299 564 2390 ἄμαζών
576 2307 729 2372 Graecam
752 2309 856 2373 inesse
878 2308 1017 2374 radicem
1037 2307 1256 2381 credidissent,

99 2418 236 2498 quaein
257 2411 403 2502 ά-μαζ-ός
422 2416 587 2482 recondita
607 2415 656 2492 sit,
680 2436 719 2479 ex
740 2415 859 2480 usitato
880 2435 967 2482 more
987 2416 1125 2501 propriis
1152 2412 1258 2480 verbis

98 2524 324 2608 exprimendae
339 2530 539 2588 externorum
554 2523 714 2586 nominum
733 2522 916 2599 notationis,
935 2523 1127 2588 Amazonum
1144 2542 1258 2588 nomen

96 2632 235 2715 ingenuo
260 2630 430 2709 vocabulo,
465 2630 558 2713 quasi
595 2632 739 2694 carerent
770 2649 916 2712 mamma,
944 2629 1144 2710 interpretati
1174 2632 1260 2706 sunt,

93 2758 189 2821 quam
210 2738 507 2823 interpretationem
528 2735 710 2801 Herodotus
730 2754 826 2818 quum
844 2733 984 2798 nondum
1004 2735 1153 2817 novisset,
1173 2733 1258 2800 huno

93 2844 248 2909 exurendi
278 2863 397 2909 morem
420 2845 557 2909 existere
586 2840 672 2924 apud
699 2842 905 2906 Sauromatas
930 2840 1108 2925 ignorabat.
1153 2840 1260 2908 Causa

94 2950 190 3014 huius
219 2951 412 3017 narrationis
443 2950 483 3014 do
510 2948 671 3014 exurenda
692 2969 829 3013 mamma
850 2947 979 3013 minime
998 2955 1048 3014 est
1063 2949 1187 3015 occulta
1202 2951 1258 3014 aut

95 3055 258 3122 recondita
280 3062 376 3140 atque
401 3057 519 3141 optime
539 3076 644 3121 rerum
664 3059 797 3121 naturae
812 3056 991 3139 respondet.
1022 3055 1144 3121 Fabula
1164 3032 1257 3131 enim,

94 3163 309 3229 Amazonibus
332 3184 403 3228 cum
429 3161 624 3228 Sauromatis
652 3162 811 3227 artissime
833 3162 1026 3239 coniunctis,
1055 3180 1159 3224 mores
1181 3180 1257 3242 quo-

93 3288 157 3352 que
177 3290 286 3334 earum
307 3270 341 3333 in
361 3268 419 3334 hos
440 3268 620 3350 transtulit,
642 3272 739 3349 atque
761 3273 876 3332 natura
899 3287 1008 3332 earum
1029 3265 1181 3331 bellicosa
1203 3283 1261 3332 nos

92 3395 229 3460 menque
250 3377 355 3459 ipsum
376 3376 546 3461 plurimum
569 3374 612 3440 ad
633 3373 816 3457 fingendam
837 3372 921 3438 hanc
939 3373 1155 3438 narrationem
1170 3371 1257 3437 valu-

93 3488 197 3561 erunt,
221 3504 304 3567 quae
326 3505 422 3567 quum
445 3482 598 3567 singulari
621 3483 817 3547 Amazonum
838 3483 924 3547 uitae
945 3479 1170 3564 respondebat,
1190 3484 1259 3545 tum

93 3589 231 3654 maxime
252 3591 434 3656 necessaria
455 3590 525 3664 fuit,
548 3594 583 3654 ut
601 3588 681 3655 haec
696 3609 804 3654 earum
816 3588 881 3652 vita
900 3589 959 3654 tali
975 3589 1068 3654 modo
1084 3591 1257 3673 gereretur.

92 3695 198 3777 Atque
226 3716 263 3761 eo
294 3696 420 3762 facilius
446 3696 527 3762 haec
553 3697 660 3779 opinio
690 3700 800 3761 exorta
828 3694 1035 3772 credebatur,
1071 3694 1156 3776 quod
1184 3694 1259 3776 igne

92 3804 242 3867 naturam
271 3803 518 3887 uniuscuiusque
536 3805 589 3868 ¹rei
621 3808 653 3868 et
676 3801 813 3868 hominis
847 3801 948 3884 ipsius
976 3800 1107 3884 purgari
1136 3803 1259 3864 veteres

92 3925 282 3991 persuasum
301 3906 492 3993 habuerunt,
504 3915 526 3990 ¹)
549 3911 635 3992 quod
656 3913 689 3974 et
703 3908 883 3974 Herodotus
893 3909 917 3990 ²)
939 3905 979 3971 de
993 3905 1112 3990 Libyis,
1135 3904 1177 3970 ad
1193 3903 1260 3969 Tri-

203 4050 224 4117 ¹)
244 4048 294 4103 cfr.
314 4049 428 4120 Grimm,
448 4049 590 4107 Deutsche
608 4048 781 4122 Mythologie
798 4066 825 4118 p.
844 4050 892 4102 341
913 4063 953 4117 sq.
972 4048 1084 4104 Movere
1098 4048 1147 4117 Ip.
1159 4047 1261 4114 tsssssq.

203 4139 227 4207 ²)
246 4139 285 4192 1v
307 4153 330 4192 c.
352 4141 410 4193 ret.
