2706 4566
546 226 759 286 ...37-

67 378 141 463 thas
168 393 212 460 ad
239 396 381 458 exterum
408 389 581 456 incolentes
609 411 697 457 mare
705 399 726 471 1)
752 398 785 477 (η
813 389 878 471 ἔξω
899 397 1071 477 domoon),
1091 400 1159 464 tum
1177 421 1227 466 ur·

67 506 125 573 bes
148 502 288 568 Graecas
311 499 527 566 et'lauricam'
545 520 615 566 cum
638 499 767 566 coloniis
779 500 916 581 Graecis,
938 507 1005 568 tum
1026 504 1140 570 iterum
1155 506 1227 593 Scy-

66 613 142 680 thas
165 615 197 676 et
215 609 408 675 Graecorum
429 609 524 672 urbes
543 612 575 673 et
596 607 731 691 denique
754 609 887 694 Scythas
910 610 1024 694 Scylax
1043 633 1228 681 commemo-

65 722 182 800 rasset,
204 721 355 796 tanquam
377 714 554 793 continuae,
575 736 766 799 quamquam
785 721 834 781 tot
850 716 1037 800 dispertitae
1048 721 1227 788 nominibus

66 824 302 904 aliia-duobus
324 823 491 888 conclusae
513 825 655 889 maribus
685 823 855 890 cohaerere
878 825 919 891 ab
943 843 981 889 eo
1008 825 1227 911 designantur.

66 932 169 1000 Simili
190 929 283 995 modo
306 928 474 994 Sindorum
485 936 510 1009 12)
540 932 643 1013 gentis
673 931 753 995 fines
777 936 868 996 extra
895 930 1045 1013 paludem
1066 936 1228 1016 pertinere

67 1043 228 1121 notantur,
250 1037 305 1103 ubi
327 1036 462 1101 Maeotis
484 1038 577 1119 palus
596 1043 629 1102 et
651 1038 770 1102 Pontus
789 1038 850 1105 sibi
873 1043 1084 1121 opponuntur.

167 1145 257 1223 Quae
284 1149 351 1207 tum
380 1151 554 1226 sequuntur
578 1145 612 1208 in
637 1145 744 1210 codice
773 1145 893 1229 scripta
919 1150 1010 1210 sunt:
1056 1141 1228 1233 Σαρμάται
1291 1131 1296 1147 “

63 1251 178 1328 ἔθνος·
209 1251 262 1314 καὶ
282 1243 431 1333 ποταμὸς
453 1244 579 1328 Τάναις·
610 1242 707 1337 ὁρίζει
728 1246 834 1317 Ἀσίαν
862 1253 916 1316 καὶ
933 1245 1115 1339 Εὐρώπην,
1145 1277 1227 1338 quae

63 1380 257 1445 quamquam
279 1358 402 1437 brevia,
431 1359 535 1423 soluta
566 1361 808 1444 interruptaque
838 1366 927 1433 sunt,
964 1362 1087 1439 tamen,
1120 1363 1227 1430 deleta

63 1468 170 1532 media
191 1466 395 1531 distinctione
419 1466 631 1552 (semicolon),
663 1486 746 1549 quae
768 1472 817 1531 est
839 1472 914 1548 post
938 1459 1068 1546 Τάναις,
1095 1469 1226 1536 viatoris

62 1574 181 1639 rationi
200 1572 419 1655 perscribendi
440 1574 582 1653 nomina,
614 1594 695 1655 quae
715 1575 802 1652 laxe,
826 1574 894 1639 sine
921 1574 987 1640 ulla
1014 1577 1226 1645 concinnitate
1329 1645 1331 1649 ,

63 1682 204 1748 locorum
224 1681 367 1746 ordinem
391 1687 567 1759 sectantur,
589 1683 799 1765 respondent,
822 1689 858 1747 ut
879 1682 984 1748 verbis
1006 1704 1025 1748 a
1047 1683 1222 1752 Niebuhrio

64 1789 238 1874 suppletis,
267 1783 357 1873 [parci
379 1788 415 1851 δὲ
434 1781 579 1870 Σκύθας]
601 1783 773 1874 Σαρμάται
797 1787 896 1865 ἔθνος
925 1790 978 1852 καὶ
997 1786 1145 1875 ποταμὸς
1171 1783 1225 1855 Τα

63 1920 144 1973 ναις,
168 1888 229 1979 [ὃς]
253 1887 349 1979 ὁρίζει
372 1899 440 1958 κτλ.
464 1916 572 1979 carere
593 1899 758 1979 possimus.
793 1896 909 1960 Forma
925 1889 1105 1980 Σαρμάται,
1130 1917 1224 1979 quam

63 2003 186 2068 Gallius
197 2003 225 2087 ³)
259 2004 292 2066 in
314 1994 482 2086 Σαρμάται
513 2005 630 2068 mutari
660 2003 743 2082 vult,
781 2003 917 2086 primum
946 2001 1008 2067 hoo
1039 2001 1107 2066 loco
1137 2004 1224 2086 apud

62 2116 206 2176 nostrum
225 2109 355 2193 legitur,
379 2131 461 2192 quae
476 2111 636 2175 simillima
658 2111 703 2194 ei,
723 2130 804 2193 quae
817 2110 976 2193 sequitur,
998 2103 1223 2195 Σαυρομάται,

61 2223 96 2282 et
117 2217 159 2281 ab
183 2216 363 2301 Herodoto,
385 2217 582 2300 Hippocrate
606 2223 638 2282 et
657 2218 690 2280 in
712 2217 935 2301 Argonautiois
958 2221 1141 2282 constanter
1161 2218 1223 2283 usi-

61 2327 135 2388 tata
156 2328 219 2406 est,
248 2329 401 2405 tanquam
433 2345 470 2388 ex
493 2324 596 2390 altera
614 2330 778 2390 contracta
796 2325 845 2389 vel
868 2325 1044 2408 deprauata
1065 2345 1123 2408 pro
1146 2323 1222 2391 Sau-

59 2432 193 2496 romatis
213 2435 367 2513 usurpata
389 2450 458 2494 esse
481 2453 500 2496 a
518 2432 679 2516 plerisque
694 2433 843 2498 creditur.
885 2430 919 2496 Si
940 2431 1069 2514 quidem
1090 2429 1223 2497 formam

60 2529 235 2621 Σαρμαται
256 2559 314 2621 pro
334 2522 553 2623 ΙΣααρομαται
575 2560 644 2604 esse
673 2540 758 2623 posit
759 2560 818 2617 am,
841 2538 892 2602 vel
920 2538 962 2603 ad
993 2538 1222 2622 designandam

59 2645 221 2729 quandam
247 2645 415 2710 Sauromat
402 2653 507 2711 tarum
538 2653 664 2730 gentem
685 2650 947 2729 usurpatamsta
928 2645 1082 2723 a,tuimus
1106 2645 1221 2711 Sauro·

59 2757 165 2817 motas
184 2757 250 2816 tum
262 2752 400 2829 Tanain,
422 2755 476 2835 qui
498 2756 674 2835 posteriore
695 2753 867 2835 tempore
858 2773 891 2816 ur
915 2752 1096 2816 universum
1117 2755 1222 2818 termi

58 2879 120 2923 nus
142 2859 225 2922 inter
246 2859 405 2942 Europam
430 2866 463 2924 ot
479 2861 586 2925 Asiam
610 2861 804 2941 ducebatur,
827 2859 993 2923 transiisse
1013 2879 1142 2924 necesse
1164 2867 1221 2927 est.

59 2964 202 3031 Athaco
223 2967 386 3032 distinctio
414 2968 619 3034 finitimarum
639 2969 779 3052 gentium
808 2967 1022 3050 sophistarum
1043 2968 1149 3050 potius
1171 2969 1222 3035 vel

57 3072 220 3137 rhetorum
253 3076 362 3157 generi
397 3076 523 3140 dicendi
553 3077 715 3153 convenit,
750 3095 852 3157 noque
879 3080 986 3140 tamen
1021 3075 1160 3140 naturali
1189 3081 1221 3140 et

56 3179 228 3264 principali
245 3180 485 3263 significationi,
508 3203 603 3264 quam
625 3188 736 3265 tropus
758 3181 912 3245 sermonis
933 3181 975 3245 ad
994 3180 1221 3248 conformanda
1249 3232 1256 3241 ,

56 3286 188 3351 nomina
209 3286 378 3370 transfert,
408 3288 615 3352 accomodata
645 3293 702 3352 est.
746 3287 856 3370 Neque
884 3307 954 3351 cum
976 3286 1160 3369 Muellerost
1185 3289 1219 3354 in

56 3392 190 3468 formas,
215 3413 296 3473 quae
320 3398 394 3456 sunt
413 3393 581 3457 Malienses
603 3398 760 3479 (Μηλιεῖς)
780 3393 992 3458 etMaliensas
1024 3393 1219 3478 (Μαλιεῑςν)

55 3497 138 3563 haec
159 3501 299 3563 varietas
320 3501 480 3563 nominum
503 3501 662 3581 quadrare
684 3506 805 3584 potest,
834 3501 983 3581 quoniam
1002 3500 1093 3582 illae,
1123 3524 1217 3586 pecu-

55 3605 129 3669 liari
153 3606 290 3686 quodam
312 3606 405 3669 modo
428 3607 493 3670 dict
480 3614 548 3684 t,ae
584 3608 741 3689 siquidem
768 3608 863 3672 lectio
885 3614 973 3674 recta
995 3614 1059 3694 est,
1094 3628 1134 3674 ex
1156 3609 1218 3674 loci

59 3751 164 3759 ——0

198 3795 272 3864 Scyl.
293 3797 475 3866 Caryand.§.

158 3797 215 3950 i'l
201 3885 225 3953 ἓ.
244 3887 290 3939 72.
312 3885 435 3953 διήκουσι
453 3887 500 3940 aul
519 3885 558 3949 εἰς
576 3888 606 3941 τὰ
629 3887 680 3953 ἔξω
698 3892 747 3956 τῆς
766 3892 870 3958 λιμνης.

159 3976 182 4043 ⁸)
201 3975 304 4044 Geogr.
322 3977 369 4031 Gr.
389 3979 453 4032 min.
474 3982 485 4035 l
504 3997 530 4049 p.
548 3983 607 4034 447.
626 3985 683 4037 not.
698 3984 758 4035 443.

200 4081 227 4116 m
246 4070 352 4119 annott
373 4068 416 4121 ad
435 4068 461 4122 h
480 4070 498 4122 l.

158 4064 207 4221 i
161 4153 276 4224 Scyl
296 4157 434 4225 Caryand.
454 4157 538 4226 Μ2.
