2706 4566
647 156 686 215 55
731 188 775 201 .-

87 345 155 411 arpa
175 322 292 409 λίμνην
313 322 476 388 Μαιῶται.
515 329 562 388 Ex
584 328 653 407 his,
675 344 758 405 quae
773 329 984 404 apposuimus
1001 327 1170 389 Strabonis
1183 348 1253 392 rer·

91 436 144 497 bis
162 439 310 510 apparet,
338 436 460 510 primas
490 436 749 511 septentrionem
777 450 893 494 versus
923 440 955 493 et
985 435 1152 496 Oceanum
1174 437 1251 514 Scy·

87 545 219 605 tharum
240 543 382 604 incolere
404 544 561 621 quasdam
578 543 735 604 nomades
754 547 880 619 gentes,
905 559 988 619 quae
1011 545 1107 603 etiam
1128 544 1162 602 in
1183 561 1253 604 cur-

89 651 181 711 ribus
201 649 330 717 vivant,
370 657 402 710 et
437 651 517 710 eitra
543 651 603 710 has
633 650 673 709 ad
703 650 873 709 meridiem
894 649 1074 722 Sarmatas,
1111 651 1166 727 qui
1189 651 1252 726 ipsi

91 773 223 836 quoque
264 757 329 816 sint
373 755 529 835 Scythae,
568 757 714 834 aliasque
761 756 944 832 complures
980 757 1093 830 vagari
1127 761 1253 832 gentes.

89 866 181 925 Haec
203 861 373 924 Strabonis
397 864 574 940 descriptio
598 866 719 940 optime
749 865 878 924 ineam
902 862 1055 941 quadrat,
1086 881 1184 939 quarn
1209 866 1252 926 XI

90 971 121 1044 6,
142 970 161 1028 2
183 970 306 1046 profert
328 971 370 1030 de
395 973 510 1031 horum
534 973 679 1033 locorum
703 973 837 1032 incolis:
861 990 879 1031 a
901 963 1176 1046 septentrionem
1199 983 1252 1031 συ-

86 1083 190 1159 νεχεῖς
211 1064 345 1137 Σκύθαι
367 1072 524 1158 νέμονται
544 1075 597 1139 καὶ
620 1068 794 1160 Σαρμάται
815 1071 846 1138 οἱ
866 1068 987 1158 μεταξὺ
1010 1073 1070 1137 τοῦ
1095 1062 1252 1148 Τανάιδος

85 1181 141 1246 καὶ
161 1182 218 1266 τῆς
240 1173 407 1267 θαλάττης
427 1183 565 1266 ταύτης,
589 1180 731 1266 νομάδες
753 1179 783 1246 οἱ
804 1181 955 1264 πλείους,
979 1193 1012 1245 at
1036 1204 1108 1245 cum
1131 1186 1252 1260 ordine,

87 1310 154 1372 quo
177 1291 291 1367 x12,t
316 1295 376 1354 has
394 1300 641 1355 enumeraverat
655 1300 788 1371 gentes,
813 1311 927 1369 parum
951 1294 1113 1352 cohaeret.
1144 1293 1252 1367 Quum

89 1417 167 1461 vero
191 1405 325 1477 gentes,
350 1417 433 1478 quae
455 1402 642 1462 incolebant
664 1403 817 1478 regiones
842 1401 882 1460 ad
904 1400 1162 1476 septentrionem
1187 1416 1252 1459 ma·

88 1507 177 1569 xime
202 1508 301 1582 sitas,
321 1525 458 1585 quarum
484 1509 602 1585 exigua
617 1524 700 1584 ,pars
722 1508 764 1568 ob
787 1509 889 1584 frigus
913 1513 945 1568 et
966 1505 1251 1567 incommoditates

87 1618 157 1676 erat
171 1615 317 1691 cognita,
338 1616 370 1674 in
387 1617 571 1677 Nomadum
586 1633 709 1676 morem
725 1616 807 1676 lacte
825 1621 922 1694 atque
937 1631 1055 1690 pecore
1067 1611 1252 1688 viverent1),

87 1737 192 1798 aeque
216 1737 254 1782 ac
276 1720 434 1798 Scythae,
458 1728 494 1782 ut
517 1723 633 1783 Strabo
656 1723 697 1783 de
721 1723 762 1784 iis
785 1723 977 1800 loquitur2),
1006 1722 1048 1780 ob
1070 1720 1252 1780 similitudi·

88 1843 165 1888 nem
190 1843 327 1902 morum,
350 1829 405 1906 qui
427 1830 510 1889 inter
532 1830 592 1889 bas
616 1845 732 1889 omnes
766 1834 858 1889 erant
885 1833 1017 1906 gentes,
1057 1825 1251 1904 Scytharum

92 1951 220 2014 quoque
243 1951 362 1995 nomen
388 1935 427 1995 iis
450 1937 639 2011 impositum
667 1940 735 2014 est,
755 1935 832 1995 dum
856 1940 988 2010 gentes,
1015 1951 1099 2010 quae
1123 1933 1162 1992 ad
1184 1950 1251 1992 me·

89 2043 203 2104 ridiem
226 2043 332 2119 magis
355 2044 437 2104 sitae
460 2048 567 2117 erant,
590 2049 626 2105 ut
655 2044 895 2105 mansuetiores
904 2037 928 2122 ³)
952 2042 1015 2101 alio
1039 2040 1171 2101 nomine
1195 2057 1251 2116 ap

91 2151 229 2226 pellatae
251 2153 336 2211 sunt.
379 2152 493 2229 ltaque
516 2169 534 2211 e
557 2152 697 2224 ratione,
721 2168 785 2229 qua
803 2151 1031 2212 deseribuntur
1053 2164 1177 2219 mores,
1197 2147 1251 2224 qui

91 2258 176 2336 apud
192 2257 270 2335 Scyt
257 2259 330 2319 thas
349 2257 519 2319 Sauromat
506 2264 624 2337 tasque
646 2264 679 2318 et
704 2259 784 2318 alias
799 2263 927 2334 gentes,
950 2273 1032 2334 qnae
1055 2255 1095 2315 ad
1119 2260 1252 2329 septenu

88 2366 229 2427 trionem
251 2364 459 2446 habitabant,
485 2367 609 2426 similes
631 2364 834 2425 ducebantur
843 2359 883 2444 ⁴),
906 2362 1032 2424 exstitit
1054 2360 1116 2421 hoc
1140 2359 1251 2419 discri-

92 2489 167 2533 men
190 2472 276 2533 inter
299 2470 469 2534 Strabonis
492 2473 892 2535 commentationesduas
912 2472 953 2532 de
974 2471 1026 2531 his
1047 2469 1145 2541 locis,
1174 2486 1251 2546 qua·
1293 2468 1296 2475 '

88 2595 159 2640 rum
181 2579 283 2640 altera
301 2584 419 2657 gentes
442 2581 580 2642 maxime
603 2581 768 2654 boreales,
792 2583 828 2639 ut
841 2580 976 2639 omnino
989 2578 1135 2654 plerique
1151 2573 1251 2635 Grac*

88 2701 201 2747 corum
223 2688 414 2762 scriptores,
439 2687 632 2764 Scytharum
653 2688 785 2748 nomine
807 2686 964 2762 appellat,
993 2684 1070 2744 dum
1094 2684 1127 2741 in
1150 2682 1252 2742 altera

89 2793 205 2855 Strabo
226 2794 360 2853 minime
391 2794 479 2855 hune
504 2795 682 2870 respiciens
713 2809 825 2864 usum,
865 2791 1011 2852 ordinem
1052 2805 1182 2866 quoque
1217 2788 1250 2847 in

90 2899 325 2961 distribuendis
358 2901 492 2962 sedibus
526 2903 612 2963 inter
646 2900 775 2977 singula
798 2898 1000 2976 singularum
1024 2896 1172 2972 gentium
1195 2911 1251 2954 no·

89 3008 178 3068 mina
200 3007 354 3084 neglexit.
402 3010 495 3084 Quod
523 3025 602 3071 rero
632 3007 846 3070 Sauromatae
866 3007 896 3065 in
919 3004 1068 3078 sedibus,
1096 3017 1177 3079 quas
1201 3017 1251 3061 se-

90 3115 232 3176 cundum
256 3114 458 3176 Herodotum
488 3118 752 3194 posterioresque
783 3116 847 3174 iam
877 3113 975 3188 longe
1003 3114 1102 3170 antea
1124 3108 1250 3167 obtine·

88 3221 181 3296 baut,
205 3223 425 3304 collocantur,
446 3224 576 3285 abunde
597 3225 692 3285 nobis
715 3222 918 3291 ostenditur,
942 3234 1063 3279 nomen
1080 3215 1251 3276 Sauroma-

88 3336 195 3391 tarum
229 3332 370 3406 primum
403 3336 510 3392 certae
538 3331 666 3392 cuidam
698 3330 787 3407 genti
809 3329 850 3388 ad
873 3325 1075 3387 Maeotidem
1096 3323 1249 3401 paludem

88 3442 184 3498 notae
204 3439 343 3497 inditum
361 3439 483 3504 luisse,
502 3437 619 3499 deinde
640 3454 718 3498 vero
740 3436 853 3496 latiore
876 3430 1112 3509 significatione
1125 3435 1158 3489 et
1173 3446 1251 3504 geo·

88 3546 243 3622 graphice
268 3561 368 3606 sensu
394 3547 436 3605 ad
461 3547 680 3623 designandas
705 3550 822 3622 gentes
847 3544 1001 3604 similium
1029 3557 1156 3600 morum
1187 3539 1252 3599 usi-

88 3658 191 3714 tatum
216 3669 300 3712 esse.
344 3654 457 3732 ltaque
492 3672 592 3732 quum
615 3654 801 3715 Herodotus
833 3652 866 3710 in
907 3649 1056 3711 orientali
1079 3645 1250 3709 Maeotidis

231 3817 272 3870 XI
290 3818 315 3886 2
334 3818 363 3870 2:
382 3817 463 3882 σαρξὶ
478 3817 525 3872 καὶ
541 3819 654 3888 γάλακτι
673 3816 835 3887 τρεφόμενοι
854 3814 1017 3882 capestres

234 3906 333 3976 Vlla,
353 3909 377 3961 9.
397 3908 497 3978 vl14,
513 3912 538 3964 6.

191 3819 212 3884 ¹)

192 3905 215 3973 ¹>

189 3994 212 4062 ⁸)
230 3994 272 4049 XI
290 3996 316 4064 a
340 3997 354 4049 1
377 3997 493 4068 et§.4„

189 4081 468 4153 amabilitas.
