2706 4566
570 206 782 267 ..44ss

95 370 282 457 pellabat¹);
306 370 403 452 atque
426 387 489 452 qua
510 368 749 454 significatione.
762 372 951 439 vooabrdum
964 366 1253 455 Σκυθικὸνγένος

95 477 274 545 ducendum
307 477 364 555 sit,
401 496 440 541 ex
466 475 629 542 Herodoto
639 483 664 557 2)
697 480 908 562 cognovimus.
950 481 1097 546 Getarum
1124 475 1253 560 Ephoro

94 587 158 671 ipsi
176 585 336 670 gentium,
358 604 440 666 quae
462 585 496 648 in
517 583 567 649 his
590 583 774 667 regionibus
785 586 934 671 Scythiae
955 593 1050 652 notae
1071 589 1171 662 erant,
1192 604 1254 648 non

95 694 231 760 obscura
250 691 310 757 suit
331 691 457 779 diversa
471 691 573 775 origo,
596 711 691 772 quam
702 713 827 776 quoque
837 695 951 761 leniter
961 694 1128 779 significat.
1151 692 1255 769 Quum

95 801 178 866 enim
206 803 315 863 noster
325 797 352 882 3)
385 796 532 882 Scythiae
558 797 638 862 fines
645 849 655 881 ,
684 801 800 881 quibus
823 801 1040 867 describendis
1060 800 1254 879 immoratur,

94 925 197 989 aeque
217 910 314 988 atqua
335 904 517 970 Herodotus
527 911 551 985 4)
582 926 683 988 usque
703 907 744 973 ab
759 908 842 973 Istro
859 908 999 992 incipere
1023 910 1129 990 putet,
1160 909 1198 970 ut
1216 925 1255 971 ex

92 1013 236 1079 versibus
259 1017 330 1095 756,
353 1013 407 1078 ubi
428 1011 656 1096 Dionysopolin
678 1013 711 1077 in
728 1012 915 1097 Scytharum
938 1019 1033 1097 terra,
1057 1018 1089 1078 et
1111 1017 1171 1076 765
1194 1010 1253 1077 Το-

91 1120 209 1184 midem
231 1118 386 1183 coloniam
407 1138 427 1182 a
449 1117 574 1202 Scythis
607 1120 724 1184 accolis
746 1120 887 1204 undique
909 1123 1044 1187 cinctam
1067 1138 1254 1184 commemo·

92 1229 160 1301 rat,
181 1225 299 1306 elucet,
328 1223 368 1289 de
387 1225 627 1308 propinquitate
649 1225 787 1308 quadam
808 1227 892 1293 inter
915 1247 969 1293 eas
991 1231 1102 1310 gentes
1125 1225 1254 1291 minime

92 1331 226 1416 cogitari
246 1334 369 1415 potest,
394 1331 478 1413 quod
492 1331 643 1416 Scymnus
662 1332 732 1415 ipse
752 1333 802 1398 vel
816 1333 978 1418 Ephorum
1002 1338 1128 1398 secutus
1155 1351 1253 1398 anno-

91 1443 150 1505 tat.
197 1438 396 1520 Quamquam
433 1439 516 1502 enim
542 1439 700 1522 Carpidae
728 1440 772 1504 ad
800 1441 917 1505 Istrum
927 1441 966 1524 ⁵),
1005 1445 1073 1504 tum
1104 1439 1253 1504 Aroteres

90 1544 260 1626 NeurIque,
273 1544 327 1625 qui
339 1544 505 1609 ulteriores
520 1552 623 1629 erant,
636 1546 751 1611 deindo
767 1546 876 1630 Tyras,
893 1546 1016 1612 colonia
1029 1544 1253 1625 Milesiorumsst

92 1657 189 1734 atque
211 1649 323 1715 Olbiae
346 1651 435 1734 regio
456 1652 489 1714 in
511 1650 659 1735 Scythiae
680 1652 796 1719 finibus
824 1674 893 1719 esse
916 1675 936 1719 a
962 1657 1072 1718 nosue
1097 1652 1253 1729 dicuntur,

90 1764 198 1824 tamma
215 1758 262 1822 ita
283 1756 325 1822 ab
342 1777 378 1822 eo
400 1762 579 1823 tractantur
597 1759 683 1824 velut
701 1780 764 1824 non
783 1766 889 1825 essent
907 1761 941 1824 in
962 1758 1105 1842 Scythia,
1127 1760 1182 1841 qui
1193 1758 1254 1824 Bo·

90 1865 262 1949 rysthenen
284 1864 410 1929 demum
432 1869 687 1950 transgressusl)
717 1866 850 1950 Scythas
879 1868 912 1931 in
931 1866 1054 1949 Hylaea
1084 1870 1182 1947 atque
1203 1885 1254 1931 us·

92 1992 153 2056 que
180 1972 223 2037 ad
243 1971 435 2037 Maeotidem
460 1973 610 2055 paludem
632 1971 795 2054 Scythicas
823 1974 970 2040 habitare
997 1976 1107 2055 gentes
1137 1971 1256 2037 diserte

92 2086 125 2146 et
137 2080 322 2145 nominatim
334 2080 411 2145 dicit
421 2087 453 2157 8).
484 2080 572 2145 Haec
591 2079 753 2144 distinctio
777 2080 943 2146 affinitatis
965 2081 1048 2144 inter
1069 2099 1123 2144 eas
1143 2084 1255 2162 gentes

92 2187 255 2253 Herodoto
276 2185 464 2269 respondet,
500 2186 589 2268 quis)
611 2185 686 2249 inde
709 2186 750 2251 ab
773 2186 856 2252 Istro
874 2186 1121 2270 septentrionem
1143 2205 1255 2252 versus

93 2294 254 2378 Scythiam
276 2292 318 2358 ab
341 2292 547 2376 Agathyrsis‚
577 2293 692 2358 Neuris
716 2299 773 2358 etc.
804 2313 883 2375 quos
908 2294 950 2360 ab
979 2294 1047 2359 eius
1073 2292 1184 2357 incolis
1207 2312 1254 2358 se·

92 2401 208 2476 cludit,
245 2400 409 2464 terminari
428 2400 524 2483 dicit,
553 2405 650 2482 atque
675 2398 879 2465 Sauromatas
908 2406 940 2466 et
960 2399 1096 2464 Gelonos
1124 2398 1254 2463 minime

91 2508 154 2571 iam
176 2506 210 2569 in
233 2504 362 2589 Scythia
384 2505 530 2570 habitare
553 2505 716 2571 contendit
726 2512 750 2552 1⁰
756 2524 775 2581 y.
818 2508 931 2589 ltaque
960 2526 1056 2588 quum
1077 2505 1254 2588 appellatio

91 2608 264 2678 Σκυθικὸν
286 2610 385 2689 ἔθνος
401 2614 532 2697 propria
563 2614 796 2698 significatione
826 2615 860 2679 in
880 2620 1005 2698 gentes,
1046 2635 1128 2697 quae
1149 2634 1170 2678 a
1191 2612 1254 2678 Bo·

91 2721 239 2805 rysthene
260 2739 360 2802 usque
382 2720 424 2785 ad
445 2720 636 2785 Maeotidem
661 2721 837 2805 degebant,
861 2721 979 2786 tralata
1005 2719 1151 2784 videatur
1171 2739 1253 2804 esse,

90 2833 127 2892 ut
147 2847 272 2909 quoque
283 2826 431 2910 Ephorus
453 2828 522 2910 ipse
544 2828 593 2894 vel
612 2827 724 2893 addito
745 2828 898 2894 vocabulo
917 2819 1097 2903 Σκυθικός,
1117 2825 1166 2890 vel
1186 2831 1252 2891 mo-'

90 2933 178 2998 ribus
201 2932 433 3016 describendis,
472 2934 526 3016 qui
552 2935 585 2998 in
605 2934 741 3017 Scythas
760 2940 885 3001 tantum
907 2935 1112 3010 conveniunt,
1139 2951 1253 2997 revera

90 3037 253 3121 Scythicas
276 3058 329 3103 aaa
344 3045 454 3124 gentes
471 3039 569 3105 fuisse
580 3041 743 3124 designat,
765 3041 1038 3118 Sauromatarum,
1060 3039 1252 3104 Gelonorum

194 3337 202 3367 ¹
232 3331 325 3386 Strab.
344 3334 358 3387 I
376 3336 401 3401 2,
420 3335 461 3386 28.

89 4022 93 4029 ’
190 4048 386 4115 swam.

182 4138 213 4205 ¹⁰)
234 4137 337 4194 Herod.
357 4139 398 4195 IV
417 4155 441 4197 o.
459 4140 501 4196 sl.
