<?xml version="1.0" encoding="UTF-8"?>
<!DOCTYPE html PUBLIC "-//W3C//DTD XHTML 1.0 Transitional//EN"
    "http://www.w3.org/TR/xhtml1/DTD/xhtml1-transitional.dtd">
<html xmlns="http://www.w3.org/1999/xhtml" xml:lang="en" lang="en">
 <head>
  <title>
</title>
<meta http-equiv="Content-Type" content="text/html;charset=utf-8" />
  <meta name='ocr-system' content='tesseract 3.04.00' />
  <meta name='ocr-capabilities' content='ocr_page ocr_carea ocr_par ocr_line ocrx_word'/>
</head>
<body>
  <div class='ocr_page' id='page_1' title='image "./defontibusapudv00kaligoog_0017.png"; bbox 0 0 2706 4566; ppageno 0'>
   <div class='ocr_carea' id='block_1_1' title="bbox 579 226 781 287">
    <p class='ocr_par' dir='ltr' id='par_1_1' title="bbox 579 226 781 287">
     <span class='ocr_line' id='line_1_1' title="bbox 579 226 781 287; baseline 0 -29"><span class='ocrx_word' id='word_1_1' title='bbox 579 226 781 287; x_wconf 63' lang='lat'><strong>.,0„</strong></span> 
     </span>
    </p>
   </div>
   <div class='ocr_carea' id='block_1_2' title="bbox 61 399 1267 1018">
    <p class='ocr_par' dir='ltr' id='par_1_2' title="bbox 61 399 1267 1018">
     <span class='ocr_line' id='line_1_2' title="bbox 104 399 1267 480; baseline -0.003 -14"><span class='ocrx_word' id='word_1_2' title='bbox 104 404 199 479; x_wconf 76' lang='grc'><strong>6611)</strong></span> <span class='ocrx_word' id='word_1_3' title='bbox 243 403 416 479; x_wconf 81' lang='lat' dir='ltr'><strong>Quaeres</strong></span> <span class='ocrx_word' id='word_1_4' title='bbox 445 406 545 478; x_wconf 82' lang='lat' dir='ltr'><strong>quum</strong></span> <span class='ocrx_word' id='word_1_5' title='bbox 569 399 609 461; x_wconf 99' lang='grc'><strong>(16</strong></span> <span class='ocrx_word' id='word_1_6' title='bbox 633 401 784 462; x_wconf 87' lang='lat' dir='ltr'><strong>Astartes</strong></span> <span class='ocrx_word' id='word_1_7' title='bbox 805 401 912 474; x_wconf 90' lang='lat' dir='ltr'><strong>cultu,</strong></span> <span class='ocrx_word' id='word_1_8' title='bbox 945 401 1000 480; x_wconf 88' lang='lat' dir='ltr'><strong>qui</strong></span> <span class='ocrx_word' id='word_1_9' title='bbox 1021 399 1087 462; x_wconf 90' lang='lat' dir='ltr'><strong>iam</strong></span> <span class='ocrx_word' id='word_1_10' title='bbox 1109 401 1267 480; x_wconf 84' lang='lat' dir='ltr'><strong>antiquis-</strong></span> 
     </span>
     <span class='ocr_line' id='line_1_3' title="bbox 61 499 1264 586; baseline -0.001 -14"><span class='ocrx_word' id='word_1_11' title='bbox 61 499 67 509; x_wconf 77' lang='grc'>’</span> <span class='ocrx_word' id='word_1_12' title='bbox 103 513 194 572; x_wconf 88' lang='lat' dir='ltr'><strong>simis</strong></span> <span class='ocrx_word' id='word_1_13' title='bbox 216 509 418 586; x_wconf 84' lang='lat' dir='ltr'><strong>temporibus</strong></span> <span class='ocrx_word' id='word_1_14' title='bbox 447 507 488 569; x_wconf 92' lang='lat' dir='ltr'><strong>ad</strong></span> <span class='ocrx_word' id='word_1_15' title='bbox 509 509 651 569; x_wconf 81' lang='lat' dir='ltr'><strong>Pontum</strong></span> <span class='ocrx_word' id='word_1_16' title='bbox 675 507 824 584; x_wconf 84' lang='lat' dir='ltr'><strong>vigebat,</strong></span> <span class='ocrx_word' id='word_1_17' title='bbox 847 512 918 568; x_wconf 90' lang='lat' dir='ltr'><strong>tum</strong></span> <span class='ocrx_word' id='word_1_18' title='bbox 950 507 990 568; x_wconf 90' lang='lat' dir='ltr'><strong>de</strong></span> <span class='ocrx_word' id='word_1_19' title='bbox 1017 509 1264 583; x_wconf 89' lang='lat' dir='ltr'><strong>consuetudine,</strong></span> 
     </span>
     <span class='ocr_line' id='line_1_4' title="bbox 104 615 1266 698; baseline -0.001 -19"><span class='ocrx_word' id='word_1_20' title='bbox 104 619 209 698; x_wconf 90' lang='lat' dir='ltr'><strong>qualis</strong></span> <span class='ocrx_word' id='word_1_21' title='bbox 229 620 314 679; x_wconf 89' lang='lat' dir='ltr'><strong>inter</strong></span> <span class='ocrx_word' id='word_1_22' title='bbox 333 617 441 678; x_wconf 81' lang='lat' dir='ltr'><strong>varios</strong></span> <span class='ocrx_word' id='word_1_23' title='bbox 465 620 556 677; x_wconf 90' lang='lat' dir='ltr'><strong>esset</strong></span> <span class='ocrx_word' id='word_1_24' title='bbox 573 615 733 692; x_wconf 84' lang='lat' dir='ltr'><strong>populos,</strong></span> <span class='ocrx_word' id='word_1_25' title='bbox 758 617 813 694; x_wconf 92' lang='lat' dir='ltr'><strong>qui</strong></span> <span class='ocrx_word' id='word_1_26' title='bbox 840 616 873 676; x_wconf 92' lang='lat' dir='ltr'><strong>in</strong></span> <span class='ocrx_word' id='word_1_27' title='bbox 905 617 993 677; x_wconf 92' lang='lat' dir='ltr'><strong>hunc</strong></span> <span class='ocrx_word' id='word_1_28' title='bbox 1023 616 1266 678; x_wconf 80' lang='lat' dir='ltr'><strong>conveniebant</strong></span> 
     </span>
     <span class='ocr_line' id='line_1_5' title="bbox 101 722 1266 801; baseline -0.001 -15"><span class='ocrx_word' id='word_1_29' title='bbox 101 728 222 800; x_wconf 86' lang='lat' dir='ltr'><strong>locum,</strong></span> <span class='ocrx_word' id='word_1_30' title='bbox 248 740 414 785; x_wconf 91' lang='lat' dir='ltr'><strong>summum</strong></span> <span class='ocrx_word' id='word_1_31' title='bbox 443 723 669 784; x_wconf 85' lang='lat' dir='ltr'><strong>testimonium</strong></span> <span class='ocrx_word' id='word_1_32' title='bbox 699 722 796 784; x_wconf 89' lang='lat' dir='ltr'><strong>nobis</strong></span> <span class='ocrx_word' id='word_1_33' title='bbox 826 724 932 783; x_wconf 85' lang='lat' dir='ltr'><strong>affert.</strong></span> <span class='ocrx_word' id='word_1_34' title='bbox 980 723 1095 801; x_wconf 82' lang='lat' dir='ltr'>Neque</span> <span class='ocrx_word' id='word_1_35' title='bbox 1126 723 1266 786; x_wconf 79' lang='lat' dir='ltr'><strong>dubitari</strong></span> 
     </span>
     <span class='ocr_line' id='line_1_6' title="bbox 102 829 1264 910; baseline -0.003 -15"><span class='ocrx_word' id='word_1_36' title='bbox 102 837 222 910; x_wconf 82' lang='lat' dir='ltr'><strong>potest,</strong></span> <span class='ocrx_word' id='word_1_37' title='bbox 246 833 334 910; x_wconf 88' lang='lat' dir='ltr'><strong>quin,</strong></span> <span class='ocrx_word' id='word_1_38' title='bbox 359 847 461 908; x_wconf 92' lang='lat' dir='ltr'><strong>quum</strong></span> <span class='ocrx_word' id='word_1_39' title='bbox 479 836 565 890; x_wconf 92' lang='lat' dir='ltr'><strong>terra</strong></span> <span class='ocrx_word' id='word_1_40' title='bbox 580 831 685 890; x_wconf 87' lang='lat' dir='ltr'><strong>Ponto</strong></span> <span class='ocrx_word' id='word_1_41' title='bbox 708 829 856 903; x_wconf 87' lang='lat' dir='ltr'><strong>finitima,</strong></span> <span class='ocrx_word' id='word_1_42' title='bbox 879 846 962 907; x_wconf 90' lang='lat' dir='ltr'><strong>quae</strong></span> <span class='ocrx_word' id='word_1_43' title='bbox 981 834 1115 907; x_wconf 86' lang='lat' dir='ltr'><strong>propter</strong></span> <span class='ocrx_word' id='word_1_44' title='bbox 1133 831 1264 892; x_wconf 82' lang='lat' dir='ltr'><strong>divitias</strong></span> 
     </span>
     <span class='ocr_line' id='line_1_7' title="bbox 101 937 1262 1018; baseline -0.003 -16"><span class='ocrx_word' id='word_1_45' title='bbox 101 943 259 1018; x_wconf 88' lang='lat' dir='ltr'><strong>cuiusque</strong></span> <span class='ocrx_word' id='word_1_46' title='bbox 281 939 411 1015; x_wconf 87' lang='lat' dir='ltr'><strong>generis</strong></span> <span class='ocrx_word' id='word_1_47' title='bbox 441 937 526 998; x_wconf 88' lang='lat' dir='ltr'><strong>clara</strong></span> <span class='ocrx_word' id='word_1_48' title='bbox 552 941 637 1009; x_wconf 89' lang='lat' dir='ltr'><strong>erat,</strong></span> <span class='ocrx_word' id='word_1_49' title='bbox 669 952 688 995; x_wconf 90' lang='lat' dir='ltr'><strong>a</strong></span> <span class='ocrx_word' id='word_1_50' title='bbox 713 938 948 997; x_wconf 88' lang='lat' dir='ltr'><strong>mercatoribus</strong></span> <span class='ocrx_word' id='word_1_51' title='bbox 975 953 1016 996; x_wconf 88' lang='lat' dir='ltr'><strong>ex</strong></span> <span class='ocrx_word' id='word_1_52' title='bbox 1039 937 1146 997; x_wconf 91' lang='lat' dir='ltr'><strong>media</strong></span> <span class='ocrx_word' id='word_1_53' title='bbox 1175 938 1262 1011; x_wconf 89' lang='lat' dir='ltr'><strong>Asia,</strong></span> 
     </span>
    </p>
   </div>
   <div class='ocr_carea' id='block_1_3' title="bbox 91 1043 1263 2732">
    <p class='ocr_par' dir='ltr' id='par_1_3' title="bbox 91 1043 1263 2732">
     <span class='ocr_line' id='line_1_8' title="bbox 101 1043 1263 1123; baseline 0.001 -18"><span class='ocrx_word' id='word_1_54' title='bbox 101 1047 211 1118; x_wconf 89' lang='lat' dir='ltr'><strong>India,</strong></span> <span class='ocrx_word' id='word_1_55' title='bbox 231 1045 396 1106; x_wconf 90' lang='lat' dir='ltr'><strong>Phoenice</strong></span> <span class='ocrx_word' id='word_1_56' title='bbox 407 1043 432 1119; x_wconf 71' lang='grc'><strong>2)</strong></span> <span class='ocrx_word' id='word_1_57' title='bbox 455 1043 732 1122; x_wconf 81' lang='lat' dir='ltr'><strong>frequentaretur,</strong></span> <span class='ocrx_word' id='word_1_58' title='bbox 757 1045 862 1105; x_wconf 92' lang='lat' dir='ltr'><strong>cultus</strong></span> <span class='ocrx_word' id='word_1_59' title='bbox 884 1061 1013 1123; x_wconf 90' lang='lat' dir='ltr'><strong>quoque</strong></span> <span class='ocrx_word' id='word_1_60' title='bbox 1037 1060 1151 1105; x_wconf 90' lang='lat' dir='ltr'><strong>eorum</strong></span> <span class='ocrx_word' id='word_1_61' title='bbox 1171 1046 1263 1118; x_wconf 82' lang='lat' dir='ltr'><strong>varii,</strong></span> 
     </span>
     <span class='ocr_line' id='line_1_9' title="bbox 100 1152 1262 1232; baseline -0.001 -16"><span class='ocrx_word' id='word_1_62' title='bbox 100 1155 188 1217; x_wconf 88' lang='lat' dir='ltr'><strong>allati</strong></span> <span class='ocrx_word' id='word_1_63' title='bbox 207 1153 424 1232; x_wconf 83' lang='lat' dir='ltr'><strong>permixtique</strong></span> <span class='ocrx_word' id='word_1_64' title='bbox 439 1153 525 1213; x_wconf 89' lang='lat' dir='ltr'><strong>inter&#39;</strong></span> <span class='ocrx_word' id='word_1_65' title='bbox 539 1167 585 1226; x_wconf 89' lang='lat' dir='ltr'><strong>se,</strong></span> <span class='ocrx_word' id='word_1_66' title='bbox 605 1153 656 1212; x_wconf 90' lang='lat' dir='ltr'><strong>his</strong></span> <span class='ocrx_word' id='word_1_67' title='bbox 677 1153 758 1213; x_wconf 89' lang='lat' dir='ltr'><strong>locis</strong></span> <span class='ocrx_word' id='word_1_68' title='bbox 774 1154 915 1213; x_wconf 84' lang='lat' dir='ltr'><strong>maxime</strong></span> <span class='ocrx_word' id='word_1_69' title='bbox 931 1152 1107 1214; x_wconf 82' lang='lat' dir='ltr'><strong>floruerint.</strong></span> <span class='ocrx_word' id='word_1_70' title='bbox 1151 1152 1262 1232; x_wconf 81' lang='lat' dir='ltr'><strong>Atque</strong></span> 
     </span>
     <span class='ocr_line' id='line_1_10' title="bbox 100 1260 1261 1338; baseline -0.001 -16"><span class='ocrx_word' id='word_1_71' title='bbox 100 1264 184 1323; x_wconf 89' lang='lat' dir='ltr'><strong>hano</strong></span> <span class='ocrx_word' id='word_1_72' title='bbox 207 1261 249 1322; x_wconf 93' lang='lat' dir='ltr'><strong>ob</strong></span> <span class='ocrx_word' id='word_1_73' title='bbox 273 1276 406 1322; x_wconf 89' lang='lat' dir='ltr'><strong>causam</strong></span> <span class='ocrx_word' id='word_1_74' title='bbox 419 1260 631 1336; x_wconf 83' lang='lat' dir='ltr'><strong>Assyriorum</strong></span> <span class='ocrx_word' id='word_1_75' title='bbox 650 1276 791 1338; x_wconf 89' lang='lat' dir='ltr'><strong>quoque,</strong></span> <span class='ocrx_word' id='word_1_76' title='bbox 808 1261 861 1338; x_wconf 91' lang='lat' dir='ltr'><strong>qui</strong></span> <span class='ocrx_word' id='word_1_77' title='bbox 876 1260 1113 1337; x_wconf 84' lang='lat' dir='ltr'><strong>antiquissimis</strong></span> <span class='ocrx_word' id='word_1_78' title='bbox 1134 1263 1261 1336; x_wconf 88' lang='lat' dir='ltr'><strong>tempo·</strong></span> 
     </span>
     <span class='ocr_line' id='line_1_11' title="bbox 100 1367 1260 1448; baseline -0.002 -18"><span class='ocrx_word' id='word_1_79' title='bbox 100 1367 191 1430; x_wconf 89' lang='lat' dir='ltr'><strong>ribus</strong></span> <span class='ocrx_word' id='word_1_80' title='bbox 212 1369 293 1429; x_wconf 92' lang='lat' dir='ltr'><strong>haec</strong></span> <span class='ocrx_word' id='word_1_81' title='bbox 314 1367 386 1428; x_wconf 91' lang='lat' dir='ltr'><strong>loca</strong></span> <span class='ocrx_word' id='word_1_82' title='bbox 409 1367 543 1429; x_wconf 84' lang='lat' dir='ltr'><strong>subacta</strong></span> <span class='ocrx_word' id='word_1_83' title='bbox 570 1369 743 1440; x_wconf 89' lang='lat' dir='ltr'><strong>tenebant,</strong></span> <span class='ocrx_word' id='word_1_84' title='bbox 779 1369 972 1444; x_wconf 86' lang='lat' dir='ltr'><strong>saepissime</strong></span> <span class='ocrx_word' id='word_1_85' title='bbox 993 1369 1037 1428; x_wconf 89' lang='lat' dir='ltr'><strong>ibi</strong></span> <span class='ocrx_word' id='word_1_86' title='bbox 1062 1370 1099 1429; x_wconf 86' lang='lat' dir='ltr'><strong>fit</strong></span> <span class='ocrx_word' id='word_1_87' title='bbox 1125 1369 1260 1448; x_wconf 83' lang='lat' dir='ltr'><strong>mentio,</strong></span> 
     </span>
     <span class='ocr_line' id='line_1_12' title="bbox 99 1474 1259 1553; baseline 0 -17"><span class='ocrx_word' id='word_1_88' title='bbox 99 1491 174 1553; x_wconf 92' lang='lat' dir='ltr'><strong>quo,</strong></span> <span class='ocrx_word' id='word_1_89' title='bbox 197 1491 298 1552; x_wconf 91' lang='lat' dir='ltr'><strong>quum</strong></span> <span class='ocrx_word' id='word_1_90' title='bbox 323 1480 524 1536; x_wconf 89' lang='lat' dir='ltr'><strong>mercaturae</strong></span> <span class='ocrx_word' id='word_1_91' title='bbox 543 1474 713 1538; x_wconf 80' lang='lat' dir='ltr'><strong>faciendae</strong></span> <span class='ocrx_word' id='word_1_92' title='bbox 732 1477 1011 1553; x_wconf 86' lang='lat' dir='ltr'><strong>opportunissima</strong></span> <span class='ocrx_word' id='word_1_93' title='bbox 1034 1474 1259 1552; x_wconf 83' lang='lat' dir='ltr'><strong>eacognovis·</strong></span> 
     </span>
     <span class='ocr_line' id='line_1_13' title="bbox 100 1580 1257 1661; baseline 0.003 -21"><span class='ocrx_word' id='word_1_94' title='bbox 100 1585 191 1647; x_wconf 88' lang='lat' dir='ltr'><strong>sent,</strong></span> <span class='ocrx_word' id='word_1_95' title='bbox 216 1580 287 1641; x_wconf 83' lang='lat' dir='ltr'><strong>vias</strong></span> <span class='ocrx_word' id='word_1_96' title='bbox 319 1597 449 1660; x_wconf 90' lang='lat' dir='ltr'><strong>quoque</strong></span> <span class='ocrx_word' id='word_1_97' title='bbox 484 1580 734 1661; x_wconf 79' lang='lat' dir='ltr'><strong>deduxerunt.³)</strong></span> <span class='ocrx_word' id='word_1_98' title='bbox 778 1583 892 1661; x_wconf 88' lang='lat' dir='ltr'><strong>Neque</strong></span> <span class='ocrx_word' id='word_1_99' title='bbox 927 1583 1061 1642; x_wconf 91' lang='lat' dir='ltr'><strong>minoris</strong></span> <span class='ocrx_word' id='word_1_100' title='bbox 1100 1583 1257 1643; x_wconf 77' lang='lat' dir='ltr'><strong>moment·</strong></span> 
     </span>
     <span class='ocr_line' id='line_1_14' title="bbox 97 1685 1258 1766; baseline 0.004 -21"><span class='ocrx_word' id='word_1_101' title='bbox 97 1687 194 1746; x_wconf 87' lang='lat' dir='ltr'><strong>etiam</strong></span> <span class='ocrx_word' id='word_1_102' title='bbox 217 1685 400 1760; x_wconf 80' lang='lat' dir='ltr'><strong>posteriore</strong></span> <span class='ocrx_word' id='word_1_103' title='bbox 422 1691 570 1765; x_wconf 86' lang='lat' dir='ltr'><strong>tempore</strong></span> <span class='ocrx_word' id='word_1_104' title='bbox 593 1691 655 1750; x_wconf 84' lang='lat' dir='ltr'><strong>hoe</strong></span> <span class='ocrx_word' id='word_1_105' title='bbox 679 1690 832 1766; x_wconf 84' lang='lat' dir='ltr'><strong>regiones</strong></span> <span class='ocrx_word' id='word_1_106' title='bbox 855 1693 961 1760; x_wconf 90' lang='lat' dir='ltr'><strong>erant,</strong></span> <span class='ocrx_word' id='word_1_107' title='bbox 992 1689 1025 1748; x_wconf 88' lang='lat' dir='ltr'><strong>in</strong></span> <span class='ocrx_word' id='word_1_108' title='bbox 1047 1703 1129 1766; x_wconf 88' lang='lat' dir='ltr'><strong>quas</strong></span> <span class='ocrx_word' id='word_1_109' title='bbox 1148 1688 1258 1750; x_wconf 86' lang='lat' dir='ltr'><strong>Nebu-</strong></span> 
     </span>
     <span class='ocr_line' id='line_1_15' title="bbox 97 1793 1258 1876; baseline -0.002 -19"><span class='ocrx_word' id='word_1_110' title='bbox 97 1795 258 1857; x_wconf 88' lang='lat' dir='ltr'><strong>cadnezar</strong></span> <span class='ocrx_word' id='word_1_111' title='bbox 274 1795 383 1854; x_wconf 78' lang='lat' dir='ltr'><strong>varias</strong></span> <span class='ocrx_word' id='word_1_112' title='bbox 405 1802 534 1873; x_wconf 86' lang='lat' dir='ltr'><strong>gentes,</strong></span> <span class='ocrx_word' id='word_1_113' title='bbox 559 1803 595 1857; x_wconf 90' lang='lat' dir='ltr'><strong>ut</strong></span> <span class='ocrx_word' id='word_1_114' title='bbox 618 1793 812 1874; x_wconf 72' lang='grc'><strong>16666664)</strong></span> <span class='ocrx_word' id='word_1_115' title='bbox 834 1799 889 1876; x_wconf 89' lang='lat' dir='ltr'><strong>qui</strong></span> <span class='ocrx_word' id='word_1_116' title='bbox 913 1795 1033 1857; x_wconf 84' lang='lat' dir='ltr'><strong>Christi</strong></span> <span class='ocrx_word' id='word_1_117' title='bbox 1055 1801 1203 1872; x_wconf 88' lang='lat' dir='ltr'><strong>tempore</strong></span> <span class='ocrx_word' id='word_1_118' title='bbox 1223 1796 1258 1855; x_wconf 91' lang='lat' dir='ltr'><strong>in</strong></span> 
     </span>
     <span class='ocr_line' id='line_1_16' title="bbox 94 1901 1258 1978; baseline 0.001 -13"><span class='ocrx_word' id='word_1_119' title='bbox 94 1903 232 1965; x_wconf 84' lang='lat' dir='ltr'><strong>Taurica</strong></span> <span class='ocrx_word' id='word_1_120' title='bbox 256 1901 553 1978; x_wconf 78' lang='lat' dir='ltr'><strong>inveniebantur,⁵)</strong></span> <span class='ocrx_word' id='word_1_121' title='bbox 580 1906 714 1966; x_wconf 90' lang='lat' dir='ltr'><strong>colonos</strong></span> <span class='ocrx_word' id='word_1_122' title='bbox 736 1906 833 1965; x_wconf 89' lang='lat' dir='ltr'><strong>misit.</strong></span> <span class='ocrx_word' id='word_1_123' title='bbox 879 1905 969 1965; x_wconf 90' lang='lat' dir='ltr'><strong>Haec</strong></span> <span class='ocrx_word' id='word_1_124' title='bbox 998 1903 1108 1964; x_wconf 90' lang='lat' dir='ltr'><strong>omnia</strong></span> <span class='ocrx_word' id='word_1_125' title='bbox 1127 1903 1258 1966; x_wconf 90' lang='lat' dir='ltr'><strong>abunde</strong></span> 
     </span>
     <span class='ocr_line' id='line_1_17' title="bbox 95 2009 1257 2090; baseline 0.003 -20"><span class='ocrx_word' id='word_1_126' title='bbox 95 2009 283 2090; x_wconf 83' lang='lat' dir='ltr'><strong>ostendunt,</strong></span> <span class='ocrx_word' id='word_1_127' title='bbox 304 2010 456 2082; x_wconf 86' lang='lat' dir='ltr'><strong>fabulam,</strong></span> <span class='ocrx_word' id='word_1_128' title='bbox 480 2027 564 2089; x_wconf 90' lang='lat' dir='ltr'><strong>quae</strong></span> <span class='ocrx_word' id='word_1_129' title='bbox 585 2014 791 2074; x_wconf 87' lang='lat' dir='ltr'><strong>Amazonum</strong></span> <span class='ocrx_word' id='word_1_130' title='bbox 809 2013 907 2074; x_wconf 89' lang='lat' dir='ltr'><strong>sedes</strong></span> <span class='ocrx_word' id='word_1_131' title='bbox 925 2011 964 2073; x_wconf 92' lang='lat' dir='ltr'><strong>ad</strong></span> <span class='ocrx_word' id='word_1_132' title='bbox 977 2011 1257 2074; x_wconf 83' lang='lat' dir='ltr'><strong>Thermodontem</strong></span> 
     </span>
     <span class='ocr_line' id='line_1_18' title="bbox 94 2117 1256 2197; baseline 0.002 -19"><span class='ocrx_word' id='word_1_133' title='bbox 94 2118 305 2193; x_wconf 86' lang='lat' dir='ltr'><strong>potissimum</strong></span> <span class='ocrx_word' id='word_1_134' title='bbox 327 2117 473 2188; x_wconf 90' lang='lat' dir='ltr'><strong>collocat,</strong></span> <span class='ocrx_word' id='word_1_135' title='bbox 505 2119 739 2193; x_wconf 71' lang='lat' dir='ltr'><strong>comotione,</strong></span> <span class='ocrx_word' id='word_1_136' title='bbox 767 2121 966 2197; x_wconf 69' lang='lat' dir='ltr'><strong>quartarios,</strong></span> <span class='ocrx_word' id='word_1_137' title='bbox 987 2119 1134 2196; x_wconf 83' lang='lat' dir='ltr'><strong>Assyriis</strong></span> <span class='ocrx_word' id='word_1_138' title='bbox 1152 2120 1256 2180; x_wconf 90' lang='lat' dir='ltr'><strong>Phoe·</strong></span> 
     </span>
     <span class='ocr_line' id='line_1_19' title="bbox 93 2223 1256 2304; baseline 0.002 -20"><span class='ocrx_word' id='word_1_139' title='bbox 93 2225 286 2300; x_wconf 84' lang='lat' dir='ltr'><strong>nisibusque</strong></span> <span class='ocrx_word' id='word_1_140' title='bbox 309 2223 488 2299; x_wconf 84' lang='lat' dir='ltr'><strong>permixtae</strong></span> <span class='ocrx_word' id='word_1_141' title='bbox 510 2229 642 2304; x_wconf 80' lang='lat' dir='ltr'><strong>gentes,</strong></span> <span class='ocrx_word' id='word_1_142' title='bbox 661 2227 706 2286; x_wconf 89' lang='lat' dir='ltr'><strong>ihi</strong></span> <span class='ocrx_word' id='word_1_143' title='bbox 719 2228 925 2288; x_wconf 83' lang='lat' dir='ltr'><strong>consociatae</strong></span> <span class='ocrx_word' id='word_1_144' title='bbox 945 2229 1067 2295; x_wconf 87' lang='lat' dir='ltr'><strong>essent,</strong></span> <span class='ocrx_word' id='word_1_145' title='bbox 1089 2227 1256 2286; x_wconf 86' lang='lat' dir='ltr'><strong>artissime</strong></span> 
     </span>
     <span class='ocr_line' id='line_1_20' title="bbox 94 2333 1256 2412; baseline 0.005 -22"><span class='ocrx_word' id='word_1_146' title='bbox 94 2333 281 2402; x_wconf 81' lang='lat' dir='ltr'><strong>cohaerere,</strong></span> <span class='ocrx_word' id='word_1_147' title='bbox 303 2333 400 2406; x_wconf 87' lang='lat' dir='ltr'><strong>atque</strong></span> <span class='ocrx_word' id='word_1_148' title='bbox 413 2347 453 2390; x_wconf 91' lang='lat' dir='ltr'><strong>ex</strong></span> <span class='ocrx_word' id='word_1_149' title='bbox 463 2347 575 2392; x_wconf 89' lang='lat' dir='ltr'><strong>earum</strong></span> <span class='ocrx_word' id='word_1_150' title='bbox 593 2334 681 2393; x_wconf 87' lang='lat' dir='ltr'><strong>cultu</strong></span> <span class='ocrx_word' id='word_1_151' title='bbox 694 2334 915 2412; x_wconf 86' lang='lat' dir='ltr'><strong>moribusque,</strong></span> <span class='ocrx_word' id='word_1_152' title='bbox 938 2333 1056 2412; x_wconf 92' lang='lat' dir='ltr'><strong>quibus</strong></span> <span class='ocrx_word' id='word_1_153' title='bbox 1071 2333 1111 2393; x_wconf 92' lang='lat' dir='ltr'><strong>ab</strong></span> <span class='ocrx_word' id='word_1_154' title='bbox 1123 2335 1256 2410; x_wconf 87' lang='lat' dir='ltr'><strong>Aegyp·</strong></span> 
     </span>
     <span class='ocr_line' id='line_1_21' title="bbox 95 2437 1255 2516; baseline 0.002 -18"><span class='ocrx_word' id='word_1_155' title='bbox 95 2439 149 2498; x_wconf 90' lang='lat' dir='ltr'><strong>tiis</strong></span> <span class='ocrx_word' id='word_1_156' title='bbox 174 2438 307 2497; x_wconf 90' lang='lat' dir='ltr'><strong>minime</strong></span> <span class='ocrx_word' id='word_1_157' title='bbox 332 2437 461 2498; x_wconf 84' lang='lat' dir='ltr'><strong>differre</strong></span> <span class='ocrx_word' id='word_1_158' title='bbox 484 2439 524 2498; x_wconf 89' lang='lat' dir='ltr'><strong>ab</strong></span> <span class='ocrx_word' id='word_1_159' title='bbox 538 2439 706 2501; x_wconf 85' lang='lat' dir='ltr'><strong>Herodoto</strong></span> <span class='ocrx_word' id='word_1_160' title='bbox 730 2441 956 2516; x_wconf 76' lang='lat' dir='ltr'><strong>dicebantur‚⁶)</strong></span> <span class='ocrx_word' id='word_1_161' title='bbox 981 2455 1163 2501; x_wconf 86' lang='lat' dir='ltr'><strong>emanasse.</strong></span> <span class='ocrx_word' id='word_1_162' title='bbox 1206 2438 1255 2500; x_wconf 82' lang='lat' dir='ltr'><strong>Ex</strong></span> 
     </span>
     <span class='ocr_line' id='line_1_22' title="bbox 92 2529 1253 2620; baseline 0.003 -16"><span class='ocrx_word' id='word_1_163' title='bbox 92 2545 144 2605; x_wconf 94' lang='lat' dir='ltr'><strong>his</strong></span> <span class='ocrx_word' id='word_1_164' title='bbox 167 2544 258 2614; x_wconf 89' lang='lat' dir='ltr'><strong>locis,</strong></span> <span class='ocrx_word' id='word_1_165' title='bbox 279 2542 320 2603; x_wconf 90' lang='lat' dir='ltr'><strong>ad</strong></span> <span class='ocrx_word' id='word_1_166' title='bbox 331 2543 610 2606; x_wconf 84' lang='lat' dir='ltr'><strong>Thermodontem</strong></span> <span class='ocrx_word' id='word_1_167' title='bbox 626 2548 708 2620; x_wconf 86' lang='lat' dir='ltr'><strong>sitis,</strong></span> <span class='ocrx_word' id='word_1_168' title='bbox 732 2529 920 2609; x_wconf 78' lang='lat' dir='ltr'><strong>Amazones</strong></span> <span class='ocrx_word' id='word_1_169' title='bbox 936 2549 1091 2608; x_wconf 84' lang='lat' dir='ltr'><strong>Astarten</strong></span> <span class='ocrx_word' id='word_1_170' title='bbox 1110 2550 1253 2619; x_wconf 88' lang='lat' dir='ltr'><strong>secutae,</strong></span> 
     </span>
     <span class='ocr_line' id='line_1_23' title="bbox 91 2649 1253 2732; baseline 0.004 -22"><span class='ocrx_word' id='word_1_171' title='bbox 91 2666 149 2726; x_wconf 87' lang='lat' dir='ltr'><strong>per</strong></span> <span class='ocrx_word' id='word_1_172' title='bbox 171 2649 341 2711; x_wconf 87' lang='lat' dir='ltr'><strong>Thraciam</strong></span> <span class='ocrx_word' id='word_1_173' title='bbox 352 2649 376 2725; x_wconf 74' lang='lat'><strong>⁷)</strong></span> <span class='ocrx_word' id='word_1_174' title='bbox 404 2650 445 2711; x_wconf 88' lang='lat' dir='ltr'><strong>ad</strong></span> <span class='ocrx_word' id='word_1_175' title='bbox 468 2651 608 2729; x_wconf 82' lang='lat' dir='ltr'><strong>Scythas</strong></span> <span class='ocrx_word' id='word_1_176' title='bbox 629 2655 680 2714; x_wconf 89' lang='lat' dir='ltr'><strong>vel</strong></span> <span class='ocrx_word' id='word_1_177' title='bbox 702 2656 845 2730; x_wconf 88' lang='lat' dir='ltr'><strong>primum</strong></span> <span class='ocrx_word' id='word_1_178' title='bbox 865 2657 898 2714; x_wconf 89' lang='lat' dir='ltr'><strong>in</strong></span> <span class='ocrx_word' id='word_1_179' title='bbox 922 2655 1085 2727; x_wconf 89' lang='lat' dir='ltr'><strong>colonias,</strong></span> <span class='ocrx_word' id='word_1_180' title='bbox 1113 2669 1197 2732; x_wconf 90' lang='lat' dir='ltr'><strong>quac</strong></span> <span class='ocrx_word' id='word_1_181' title='bbox 1219 2655 1253 2715; x_wconf 93' lang='lat' dir='ltr'><strong>in</strong></span> 
     </span>
    </p>
   </div>
   <div class='ocr_carea' id='block_1_4' title="bbox 83 2898 1251 4221">
    <p class='ocr_par' dir='ltr' id='par_1_4' title="bbox 90 2898 1251 3153">
     <span class='ocr_line' id='line_1_24' title="bbox 195 2898 1251 2972; baseline 0.002 -19"><span class='ocrx_word' id='word_1_182' title='bbox 195 2899 215 2968; x_wconf 87' lang='lat'><strong>¹)</strong></span> <span class='ocrx_word' id='word_1_183' title='bbox 234 2898 332 2970; x_wconf 85' lang='lat' dir='ltr'><strong>Lysias</strong></span> <span class='ocrx_word' id='word_1_184' title='bbox 353 2904 423 2955; x_wconf 90' lang='lat' dir='ltr'><strong>orat.</strong></span> <span class='ocrx_word' id='word_1_185' title='bbox 447 2901 556 2958; x_wconf 84' lang='lat' dir='ltr'><strong>funebr.</strong></span> <span class='ocrx_word' id='word_1_186' title='bbox 578 2900 714 2972; x_wconf 90' lang='lat' dir='ltr'><strong>Apollod.</strong></span> <span class='ocrx_word' id='word_1_187' title='bbox 740 2906 765 2959; x_wconf 92' lang='grc' dir='ltr'><strong>ΙΙ</strong></span> <span class='ocrx_word' id='word_1_188' title='bbox 787 2903 812 2971; x_wconf 86' lang='grc'><strong>6,</strong></span> <span class='ocrx_word' id='word_1_189' title='bbox 836 2904 861 2958; x_wconf 89' lang='grc'><strong>9.</strong></span> <span class='ocrx_word' id='word_1_190' title='bbox 885 2900 943 2956; x_wconf 64' lang='lat' dir='ltr'><strong>ciri</strong></span> <span class='ocrx_word' id='word_1_191' title='bbox 961 2901 1060 2970; x_wconf 90' lang='lat' dir='ltr'><strong>Heyne</strong></span> <span class='ocrx_word' id='word_1_192' title='bbox 1078 2900 1115 2955; x_wconf 91' lang='lat' dir='ltr'><strong>ad</strong></span> <span class='ocrx_word' id='word_1_193' title='bbox 1133 2900 1160 2955; x_wconf 93' lang='lat' dir='ltr'><strong>h.</strong></span> <span class='ocrx_word' id='word_1_194' title='bbox 1179 2900 1197 2955; x_wconf 91' lang='grc'><strong>1.</strong></span> <span class='ocrx_word' id='word_1_195' title='bbox 1214 2900 1251 2955; x_wconf 89' lang='lat' dir='ltr'><strong>H.</strong></span> 
     </span>
     <span class='ocr_line' id='line_1_25' title="bbox 90 2988 1250 3062; baseline 0.001 -17"><span class='ocrx_word' id='word_1_196' title='bbox 90 3007 118 3060; x_wconf 88' lang='lat' dir='ltr'><strong>p.</strong></span> <span class='ocrx_word' id='word_1_197' title='bbox 138 2989 196 3045; x_wconf 83' lang='grc'><strong>153.</strong></span> <span class='ocrx_word' id='word_1_198' title='bbox 214 2988 300 3043; x_wconf 89' lang='lat' dir='ltr'><strong>Diod.</strong></span> <span class='ocrx_word' id='word_1_199' title='bbox 317 2992 343 3044; x_wconf 89' lang='grc' dir='ltr'><strong>ΙΙ</strong></span> <span class='ocrx_word' id='word_1_200' title='bbox 361 2990 403 3043; x_wconf 82' lang='lat'><strong>45.</strong></span> <span class='ocrx_word' id='word_1_201' title='bbox 422 2991 463 3046; x_wconf 88' lang='lat' dir='ltr'><strong>IV</strong></span> <span class='ocrx_word' id='word_1_202' title='bbox 482 2992 523 3046; x_wconf 92' lang='grc'><strong>16.</strong></span> <span class='ocrx_word' id='word_1_203' title='bbox 541 2994 582 3046; x_wconf 86' lang='grc'><strong>26.</strong></span> <span class='ocrx_word' id='word_1_204' title='bbox 602 2993 720 3048; x_wconf 87' lang='lat' dir='ltr'><strong>Pausan.</strong></span> <span class='ocrx_word' id='word_1_205' title='bbox 741 2997 752 3048; x_wconf 92' lang='grc' dir='ltr'>Ι</span> <span class='ocrx_word' id='word_1_206' title='bbox 772 2994 797 3062; x_wconf 95' lang='grc'><strong>2,</strong></span> <span class='ocrx_word' id='word_1_207' title='bbox 818 2993 848 3058; x_wconf 78' lang='lat'><strong>13</strong></span> <span class='ocrx_word' id='word_1_208' title='bbox 866 2991 908 3060; x_wconf 88' lang='lat'><strong>41,</strong></span> <span class='ocrx_word' id='word_1_209' title='bbox 930 2991 953 3046; x_wconf 95' lang='grc'><strong>7.</strong></span> <span class='ocrx_word' id='word_1_210' title='bbox 972 2990 1045 3046; x_wconf 83' lang='grc' dir='ltr'><strong>Ρ111.</strong></span> <span class='ocrx_word' id='word_1_211' title='bbox 1062 2989 1113 3045; x_wconf 83' lang='lat' dir='ltr'><strong>vit.</strong></span> <span class='ocrx_word' id='word_1_212' title='bbox 1131 2990 1250 3046; x_wconf 78' lang='lat' dir='ltr'><strong>Thaso.</strong></span> 
     </span>
     <span class='ocr_line' id='line_1_26' title="bbox 90 3077 977 3153; baseline 0.001 -19"><span class='ocrx_word' id='word_1_213' title='bbox 90 3082 132 3134; x_wconf 89' lang='grc'><strong>26.</strong></span> <span class='ocrx_word' id='word_1_214' title='bbox 150 3080 231 3134; x_wconf 89' lang='lat' dir='ltr'><strong>Pind.</strong></span> <span class='ocrx_word' id='word_1_215' title='bbox 248 3094 291 3148; x_wconf 88' lang='lat' dir='ltr'><strong>ap.</strong></span> <span class='ocrx_word' id='word_1_216' title='bbox 310 3078 402 3136; x_wconf 83' lang='lat' dir='ltr'><strong>Strab.</strong></span> <span class='ocrx_word' id='word_1_217' title='bbox 421 3081 478 3135; x_wconf 87' lang='lat' dir='ltr'><strong>XII</strong></span> <span class='ocrx_word' id='word_1_218' title='bbox 495 3084 520 3151; x_wconf 85' lang='grc'><strong>3,</strong></span> <span class='ocrx_word' id='word_1_219' title='bbox 540 3086 565 3136; x_wconf 94' lang='grc'><strong>9.</strong></span> <span class='ocrx_word' id='word_1_220' title='bbox 583 3082 679 3151; x_wconf 82' lang='lat' dir='ltr'><strong>steph.</strong></span> <span class='ocrx_word' id='word_1_221' title='bbox 698 3084 766 3153; x_wconf 80' lang='lat' dir='ltr'><strong>Bys.</strong></span> <span class='ocrx_word' id='word_1_222' title='bbox 783 3098 810 3136; x_wconf 88' lang='lat' dir='ltr'><strong>v.</strong></span> <span class='ocrx_word' id='word_1_223' title='bbox 825 3077 977 3148; x_wconf 75' lang='grc' dir='ltr'><strong>Ἀμαζόνες.</strong></span> 
     </span>
    </p>

    <p class='ocr_par' dir='ltr' id='par_1_5' title="bbox 87 3168 1250 3330">
     <span class='ocr_line' id='line_1_27' title="bbox 182 3168 1250 3242; baseline -0.001 -18"><span class='ocrx_word' id='word_1_224' title='bbox 182 3169 215 3238; x_wconf 72' lang='lat'><strong>¹²)</strong></span> <span class='ocrx_word' id='word_1_225' title='bbox 234 3168 354 3238; x_wconf 90' lang='grc' dir='ltr'><strong>Ρ161161,</strong></span> <span class='ocrx_word' id='word_1_226' title='bbox 375 3169 467 3226; x_wconf 90' lang='lat' dir='ltr'><strong>Ueber</strong></span> <span class='ocrx_word' id='word_1_227' title='bbox 485 3172 531 3227; x_wconf 91' lang='lat' dir='ltr'><strong>die</strong></span> <span class='ocrx_word' id='word_1_228' title='bbox 553 3173 721 3242; x_wconf 84' lang='lat' dir='ltr'><strong>Bedeutung</strong></span> <span class='ocrx_word' id='word_1_229' title='bbox 745 3172 795 3226; x_wconf 86' lang='lat' dir='ltr'><strong>des</strong></span> <span class='ocrx_word' id='word_1_230' title='bbox 813 3170 973 3230; x_wconf 80' lang='lat' dir='ltr'><strong>schwaruen</strong></span> <span class='ocrx_word' id='word_1_231' title='bbox 994 3171 1103 3227; x_wconf 76' lang='grc'><strong>1166166</strong></span> <span class='ocrx_word' id='word_1_232' title='bbox 1127 3168 1174 3225; x_wconf 78' lang='lat' dir='ltr'><strong>fiir</strong></span> <span class='ocrx_word' id='word_1_233' title='bbox 1195 3169 1250 3224; x_wconf 88' lang='lat' dir='ltr'><strong>den</strong></span> 
     </span>
     <span class='ocr_line' id='line_1_28' title="bbox 87 3256 1100 3330; baseline -0.001 -16"><span class='ocrx_word' id='word_1_234' title='bbox 87 3259 198 3315; x_wconf 88' lang='lat' dir='ltr'><strong>Handel</strong></span> <span class='ocrx_word' id='word_1_235' title='bbox 217 3274 242 3312; x_wconf 92' lang='lat' dir='ltr'><strong>u.</strong></span> <span class='ocrx_word' id='word_1_236' title='bbox 261 3256 390 3312; x_wconf 86' lang='lat' dir='ltr'><strong>Verkehr</strong></span> <span class='ocrx_word' id='word_1_237' title='bbox 408 3259 459 3314; x_wconf 90' lang='grc'><strong>(161</strong></span> <span class='ocrx_word' id='word_1_238' title='bbox 476 3261 551 3317; x_wconf 88' lang='lat' dir='ltr'><strong>alten</strong></span> <span class='ocrx_word' id='word_1_239' title='bbox 569 3262 653 3317; x_wconf 87' lang='lat' dir='ltr'><strong>Walt.</strong></span> <span class='ocrx_word' id='word_1_240' title='bbox 688 3262 824 3330; x_wconf 86' lang='lat' dir='ltr'><strong>Ausgew.</strong></span> <span class='ocrx_word' id='word_1_241' title='bbox 841 3259 925 3316; x_wconf 83' lang='lat' dir='ltr'><strong>Auis.</strong></span> <span class='ocrx_word' id='word_1_242' title='bbox 944 3277 972 3330; x_wconf 89' lang='lat' dir='ltr'><strong>p.</strong></span> <span class='ocrx_word' id='word_1_243' title='bbox 989 3261 1038 3315; x_wconf 87' lang='grc'><strong>141</strong></span> <span class='ocrx_word' id='word_1_244' title='bbox 1057 3268 1100 3328; x_wconf 78' lang='lat' dir='ltr'><strong>sq.</strong></span> 
     </span>
    </p>

    <p class='ocr_par' dir='ltr' id='par_1_6' title="bbox 190 3346 1249 3420">
     <span class='ocr_line' id='line_1_29' title="bbox 190 3346 1249 3420; baseline -0.001 -18"><span class='ocrx_word' id='word_1_245' title='bbox 190 3348 212 3415; x_wconf 81' lang='lat'><strong>³)</strong></span> <span class='ocrx_word' id='word_1_246' title='bbox 230 3346 341 3415; x_wconf 74' lang='lat' dir='ltr'><strong>Cephal.</strong></span> <span class='ocrx_word' id='word_1_247' title='bbox 360 3347 388 3402; x_wconf 89' lang='lat' dir='ltr'><strong>in</strong></span> <span class='ocrx_word' id='word_1_248' title='bbox 405 3349 507 3407; x_wconf 86' lang='lat' dir='ltr'><strong>Euseb.</strong></span> <span class='ocrx_word' id='word_1_249' title='bbox 526 3351 619 3406; x_wconf 81' lang='lat' dir='ltr'><strong>chron</strong></span> <span class='ocrx_word' id='word_1_250' title='bbox 644 3352 724 3407; x_wconf 90' lang='lat' dir='ltr'><strong>Arm.</strong></span> <span class='ocrx_word' id='word_1_251' title='bbox 745 3351 777 3406; x_wconf 84' lang='lat' dir='ltr'><strong>T.</strong></span> <span class='ocrx_word' id='word_1_252' title='bbox 797 3353 810 3406; x_wconf 95' lang='grc' dir='ltr'>Ι</span> <span class='ocrx_word' id='word_1_253' title='bbox 830 3367 857 3420; x_wconf 87' lang='lat' dir='ltr'><strong>p.</strong></span> <span class='ocrx_word' id='word_1_254' title='bbox 876 3353 918 3406; x_wconf 89' lang='grc'><strong>96.</strong></span> <span class='ocrx_word' id='word_1_255' title='bbox 936 3352 978 3405; x_wconf 88' lang='grc'><strong>97.</strong></span> <span class='ocrx_word' id='word_1_256' title='bbox 995 3351 1114 3405; x_wconf 86' lang='lat' dir='ltr'><strong>Pausan.</strong></span> <span class='ocrx_word' id='word_1_257' title='bbox 1132 3347 1212 3416; x_wconf 80' lang='grc'><strong>1131,</strong></span> <span class='ocrx_word' id='word_1_258' title='bbox 1223 3347 1249 3402; x_wconf 88' lang='grc'><strong>2.</strong></span> 
     </span>
    </p>

    <p class='ocr_par' dir='ltr' id='par_1_7' title="bbox 86 3435 1249 3690">
     <span class='ocr_line' id='line_1_30' title="bbox 190 3435 1249 3510; baseline 0.006 -22"><span class='ocrx_word' id='word_1_259' title='bbox 190 3436 213 3502; x_wconf 85' lang='lat'><strong>⁴)</strong></span> <span class='ocrx_word' id='word_1_260' title='bbox 232 3435 355 3491; x_wconf 83' lang='lat' dir='ltr'><strong>Boeokh.</strong></span> <span class='ocrx_word' id='word_1_261' title='bbox 377 3437 460 3505; x_wconf 85' lang='lat' dir='ltr'><strong>Oorp.</strong></span> <span class='ocrx_word' id='word_1_262' title='bbox 481 3439 595 3510; x_wconf 85' lang='lat' dir='ltr'><strong>insorpt.</strong></span> <span class='ocrx_word' id='word_1_263' title='bbox 618 3441 666 3496; x_wconf 80' lang='lat' dir='ltr'><strong>Gr.</strong></span> <span class='ocrx_word' id='word_1_264' title='bbox 691 3442 721 3497; x_wconf 83' lang='lat' dir='ltr'><strong>T.</strong></span> <span class='ocrx_word' id='word_1_265' title='bbox 745 3445 770 3496; x_wconf 89' lang='grc' dir='ltr'><strong>ΙΙ</strong></span> <span class='ocrx_word' id='word_1_266' title='bbox 797 3459 839 3498; x_wconf 89' lang='lat' dir='ltr'><strong>nr.</strong></span> <span class='ocrx_word' id='word_1_267' title='bbox 865 3442 942 3495; x_wconf 93' lang='grc'><strong>2114.</strong></span> <span class='ocrx_word' id='word_1_268' title='bbox 971 3439 998 3494; x_wconf 91' lang='lat' dir='ltr'><strong>b.</strong></span> <span class='ocrx_word' id='word_1_269' title='bbox 1021 3439 1123 3494; x_wconf 81' lang='lat' dir='ltr'><strong>Euseh.</strong></span> <span class='ocrx_word' id='word_1_270' title='bbox 1146 3438 1249 3494; x_wconf 82' lang='lat' dir='ltr'><strong>Chron.</strong></span> 
     </span>
     <span class='ocr_line' id='line_1_31' title="bbox 86 3523 1247 3600; baseline 0.003 -20"><span class='ocrx_word' id='word_1_271' title='bbox 86 3523 166 3580; x_wconf 87' lang='lat' dir='ltr'><strong>Arm.</strong></span> <span class='ocrx_word' id='word_1_272' title='bbox 189 3541 216 3593; x_wconf 88' lang='lat' dir='ltr'><strong>p.</strong></span> <span class='ocrx_word' id='word_1_273' title='bbox 235 3525 277 3594; x_wconf 81' lang='grc'><strong>63,</strong></span> <span class='ocrx_word' id='word_1_274' title='bbox 296 3525 394 3595; x_wconf 88' lang='lat' dir='ltr'><strong>Praep.</strong></span> <span class='ocrx_word' id='word_1_275' title='bbox 413 3542 512 3597; x_wconf 83' lang='lat' dir='ltr'><strong>evang.</strong></span> <span class='ocrx_word' id='word_1_276' title='bbox 531 3530 570 3584; x_wconf 87' lang='lat' dir='ltr'><strong>IX</strong></span> <span class='ocrx_word' id='word_1_277' title='bbox 586 3531 629 3585; x_wconf 89' lang='lat'><strong>41.</strong></span> <span class='ocrx_word' id='word_1_278' title='bbox 646 3532 762 3600; x_wconf 79' lang='lat' dir='ltr'><strong>doseph.</strong></span> <span class='ocrx_word' id='word_1_279' title='bbox 783 3535 871 3586; x_wconf 88' lang='lat' dir='ltr'><strong>contr.</strong></span> <span class='ocrx_word' id='word_1_280' title='bbox 885 3529 991 3600; x_wconf 87' lang='lat' dir='ltr'><strong>Apion.</strong></span> <span class='ocrx_word' id='word_1_281' title='bbox 1011 3532 1023 3584; x_wconf 92' lang='lat'>1</span> <span class='ocrx_word' id='word_1_282' title='bbox 1043 3531 1086 3600; x_wconf 87' lang='grc'><strong>26,</strong></span> <span class='ocrx_word' id='word_1_283' title='bbox 1104 3526 1203 3598; x_wconf 85' lang='lat' dir='ltr'><strong>Antiq.</strong></span> <span class='ocrx_word' id='word_1_284' title='bbox 1221 3529 1247 3583; x_wconf 88' lang='lat' dir='ltr'>X</span> 
     </span>
     <span class='ocr_line' id='line_1_32' title="bbox 87 3613 1081 3690; baseline 0.007 -22"><span class='ocrx_word' id='word_1_285' title='bbox 87 3615 129 3683; x_wconf 90' lang='lat'><strong>11,</strong></span> <span class='ocrx_word' id='word_1_286' title='bbox 149 3616 173 3671; x_wconf 95' lang='grc'><strong>1.</strong></span> <span class='ocrx_word' id='word_1_287' title='bbox 192 3613 241 3669; x_wconf 82' lang='grc'><strong>611.</strong></span> <span class='ocrx_word' id='word_1_288' title='bbox 260 3614 356 3685; x_wconf 87' lang='lat' dir='ltr'><strong>Hitzig</strong></span> <span class='ocrx_word' id='word_1_289' title='bbox 375 3617 551 3674; x_wconf 72' lang='lat' dir='ltr'><strong>commentar</strong></span> <span class='ocrx_word' id='word_1_290' title='bbox 569 3621 655 3676; x_wconf 90' lang='lat' dir='ltr'><strong>ueber</strong></span> <span class='ocrx_word' id='word_1_291' title='bbox 675 3623 721 3677; x_wconf 90' lang='lat' dir='ltr'><strong>die</strong></span> <span class='ocrx_word' id='word_1_292' title='bbox 739 3623 784 3677; x_wconf 89' lang='lat' dir='ltr'><strong>Kl.</strong></span> <span class='ocrx_word' id='word_1_293' title='bbox 802 3621 960 3690; x_wconf 88' lang='lat' dir='ltr'><strong>Propheten</strong></span> <span class='ocrx_word' id='word_1_294' title='bbox 977 3637 1003 3690; x_wconf 88' lang='lat' dir='ltr'><strong>p.</strong></span> <span class='ocrx_word' id='word_1_295' title='bbox 1022 3621 1081 3675; x_wconf 85' lang='grc'><strong>364.</strong></span> 
     </span>
    </p>

    <p class='ocr_par' dir='ltr' id='par_1_8' title="bbox 84 3704 1247 3943">
     <span class='ocr_line' id='line_1_33' title="bbox 189 3704 1246 3776; baseline 0.007 -18"><span class='ocrx_word' id='word_1_296' title='bbox 189 3707 210 3774; x_wconf 68' lang='grc'><strong>1)</strong></span> <span class='ocrx_word' id='word_1_297' title='bbox 228 3704 279 3760; x_wconf 83' lang='grc'><strong>611.</strong></span> <span class='ocrx_word' id='word_1_298' title='bbox 297 3706 453 3776; x_wconf 77' lang='grc'><strong>(1111161661,</strong></span> <span class='ocrx_word' id='word_1_299' title='bbox 472 3707 621 3766; x_wconf 85' lang='lat' dir='ltr'><strong>Achizehn</strong></span> <span class='ocrx_word' id='word_1_300' title='bbox 639 3711 820 3768; x_wconf 88' lang='lat' dir='ltr'><strong>hebraeisohe</strong></span> <span class='ocrx_word' id='word_1_301' title='bbox 839 3712 1006 3768; x_wconf 76' lang='lat' dir='ltr'><strong>Grabsteine</strong></span> <span class='ocrx_word' id='word_1_302' title='bbox 1024 3725 1074 3766; x_wconf 87' lang='lat' dir='ltr'><strong>ana</strong></span> <span class='ocrx_word' id='word_1_303' title='bbox 1093 3711 1144 3766; x_wconf 89' lang='lat' dir='ltr'><strong>der</strong></span> <span class='ocrx_word' id='word_1_304' title='bbox 1157 3711 1246 3766; x_wconf 87' lang='lat' dir='ltr'><strong>Krim.</strong></span> 
     </span>
     <span class='ocr_line' id='line_1_34' title="bbox 85 3793 1247 3869; baseline 0.009 -22"><span class='ocrx_word' id='word_1_305' title='bbox 85 3795 118 3847; x_wconf 89' lang='lat' dir='ltr'><strong>In</strong></span> <span class='ocrx_word' id='word_1_306' title='bbox 136 3793 684 3869; x_wconf 74' lang='grc' dir='ltr'><strong>1161ηοί161161666161111611116611616</strong></span> <span class='ocrx_word' id='word_1_307' title='bbox 708 3803 743 3858; x_wconf 90' lang='lat' dir='ltr'><strong>de</strong></span> <span class='ocrx_word' id='word_1_308' title='bbox 765 3802 895 3859; x_wconf 85' lang='lat' dir='ltr'><strong>Scienoes</strong></span> <span class='ocrx_word' id='word_1_309' title='bbox 917 3802 952 3857; x_wconf 93' lang='grc'><strong>(16</strong></span> <span class='ocrx_word' id='word_1_310' title='bbox 974 3801 1015 3857; x_wconf 85' lang='lat' dir='ltr'><strong>St.</strong></span> <span class='ocrx_word' id='word_1_311' title='bbox 1040 3800 1166 3857; x_wconf 83' lang='lat' dir='ltr'><strong>Petersb.</strong></span> <span class='ocrx_word' id='word_1_312' title='bbox 1191 3801 1247 3857; x_wconf 88' lang='lat' dir='ltr'><strong>VII</strong></span> 
     </span>
     <span class='ocr_line' id='line_1_35' title="bbox 84 3883 368 3943; baseline 0.011 -5"><span class='ocrx_word' id='word_1_313' title='bbox 84 3883 156 3940; x_wconf 76' lang='lat' dir='ltr'><strong>serie</strong></span> <span class='ocrx_word' id='word_1_314' title='bbox 173 3884 205 3940; x_wconf 84' lang='lat' dir='ltr'><strong>T.</strong></span> <span class='ocrx_word' id='word_1_315' title='bbox 225 3886 265 3940; x_wconf 87' lang='lat' dir='ltr'><strong>IX</strong></span> <span class='ocrx_word' id='word_1_316' title='bbox 282 3901 323 3941; x_wconf 89' lang='lat' dir='ltr'><strong>nr.</strong></span> <span class='ocrx_word' id='word_1_317' title='bbox 343 3887 368 3943; x_wconf 90' lang='grc'><strong>7.</strong></span> 
     </span>
    </p>

    <p class='ocr_par' dir='ltr' id='par_1_9' title="bbox 83 3975 1243 4221">
     <span class='ocr_line' id='line_1_36' title="bbox 186 3975 427 4045; baseline 0.012 -17"><span class='ocrx_word' id='word_1_318' title='bbox 186 3975 299 4042; x_wconf 70' lang='grc'><strong>1)116.</strong></span> <span class='ocrx_word' id='word_1_319' title='bbox 319 3977 427 4045; x_wconf 87' lang='lat' dir='ltr'><strong>104sq.</strong></span> 
     </span>
     <span class='ocr_line' id='line_1_37' title="bbox 185 4063 1243 4132; baseline 0.008 -15"><span class='ocrx_word' id='word_1_320' title='bbox 185 4064 208 4132; x_wconf 89' lang='lat'><strong>⁷)</strong></span> <span class='ocrx_word' id='word_1_321' title='bbox 227 4063 310 4118; x_wconf 83' lang='lat' dir='ltr'><strong>Diod.</strong></span> <span class='ocrx_word' id='word_1_322' title='bbox 328 4065 355 4120; x_wconf 91' lang='grc' dir='ltr'><strong>ΙΙ</strong></span> <span class='ocrx_word' id='word_1_323' title='bbox 372 4067 414 4121; x_wconf 91' lang='grc'><strong>46.</strong></span> <span class='ocrx_word' id='word_1_324' title='bbox 432 4068 474 4123; x_wconf 92' lang='lat' dir='ltr'><strong>IV</strong></span> <span class='ocrx_word' id='word_1_325' title='bbox 490 4071 533 4127; x_wconf 88' lang='grc'><strong>28.</strong></span> <span class='ocrx_word' id='word_1_326' title='bbox 558 4070 660 4125; x_wconf 86' lang='lat' dir='ltr'><strong>Justin.</strong></span> <span class='ocrx_word' id='word_1_327' title='bbox 678 4074 703 4127; x_wconf 90' lang='lat'><strong>4.</strong></span> <span class='ocrx_word' id='word_1_328' title='bbox 719 4071 793 4126; x_wconf 90' lang='lat' dir='ltr'><strong>Plut.</strong></span> <span class='ocrx_word' id='word_1_329' title='bbox 812 4072 863 4126; x_wconf 82' lang='lat' dir='ltr'><strong>vit.</strong></span> <span class='ocrx_word' id='word_1_330' title='bbox 883 4071 966 4126; x_wconf 84' lang='lat' dir='ltr'><strong>Thes.</strong></span> <span class='ocrx_word' id='word_1_331' title='bbox 985 4087 1009 4126; x_wconf 92' lang='grc'><strong>6.</strong></span> <span class='ocrx_word' id='word_1_332' title='bbox 1028 4071 1070 4126; x_wconf 91' lang='grc'><strong>27.</strong></span> <span class='ocrx_word' id='word_1_333' title='bbox 1088 4071 1131 4126; x_wconf 79' lang='grc'><strong>28.</strong></span> <span class='ocrx_word' id='word_1_334' title='bbox 1150 4069 1243 4127; x_wconf 72' lang='lat' dir='ltr'><strong>scrut.</strong></span> 
     </span>
     <span class='ocr_line' id='line_1_38' title="bbox 83 4150 1161 4221; baseline -0.001 -13"><span class='ocrx_word' id='word_1_335' title='bbox 83 4150 166 4221; x_wconf 78' lang='grc'><strong>1116,</strong></span> <span class='ocrx_word' id='word_1_336' title='bbox 185 4153 210 4206; x_wconf 83' lang='grc'><strong>6.</strong></span> <span class='ocrx_word' id='word_1_337' title='bbox 1148 4186 1161 4207; x_wconf 84' lang='grc'><strong>.</strong></span> 
     </span>
    </p>
   </div>
   <div class='ocr_carea' id='block_1_5' title="bbox 0 0 1358 4566">
    <p class='ocr_par' dir='ltr' id='par_1_10' title="bbox 0 0 1358 4566">
     <span class='ocr_line' id='line_1_39' title="bbox 0 0 1358 4566; baseline 0 6"><span class='ocrx_word' id='word_1_338' title='bbox 0 0 1358 4566; x_wconf 95' lang='lat' dir='ltr'><strong> </strong></span> 
     </span>
    </p>
   </div>
  </div>
 </body>
</html>
