2706 4566
600 243 812 302 ..48-

234 406 284 473 Ex
303 426 350 483 eo,
372 407 459 489 quod
484 407 523 472 de
545 406 674 491 Ephoro
694 407 875 493 attulimus,
901 417 1052 497 apparet,
1081 414 1291 482 Sauromatas

130 536 232 599 usque
253 515 295 581 ad
316 515 383 579 eius
406 517 544 578 aetatem
567 512 708 596 Tanaide
736 513 831 578 fluvio
859 536 879 580 a
905 516 1029 601 Scythis
1058 524 1225 600 separatos
1254 523 1291 585 in

129 627 207 691 Asia
227 623 406 696 habitasse,
428 640 531 703 neque
554 640 625 684 cum
644 619 887 701 Schaffarico1),
910 625 965 705 qni
982 625 1178 701 Eudoxumu
1200 648 1290 693 secu-

129 739 197 816 tus,
226 732 430 796 Sauromatas
457 729 521 792 iam
547 727 640 810 longe
668 733 764 791 antea
788 728 822 790 in
847 729 1035 796 occidentali
1056 733 1212 799 Tanaidis
1230 754 1289 800 ora
1318 714 1321 721 ¹

129 840 276 906 collocari
297 837 372 914 vult,
395 855 449 901 eos
470 834 535 898 iam
556 834 590 896 in
612 832 773 915 Europam
795 836 960 901 transiisse
982 840 1186 905 statuendum
1207 859 1288 918 esse,

128 966 225 1029 quum
248 964 286 1010 ex
308 943 450 1016 Eudoxo,
475 941 529 1022 qui
551 944 600 1004 est
622 938 753 1003 Cnidius
775 939 877 1004 minor
896 942 981 1007 circa
1003 963 1119 1008 annum
1137 945 1288 1010 ducente·

126 1054 240 1118 simum
278 1047 574 1133 quinquagesimum
611 1046 756 1127 quintum
790 1067 819 1112 a.
849 1046 922 1113 Chr.
956 1056 1067 1116 auctor
1095 1055 1152 1136 γῆς
1178 1053 1289 1136 περίο-

127 1159 225 1234 cioca
257 1156 413 1221 Strabone
439 1153 567 1235 saepius
591 1151 756 1228 laudatus,
784 1173 887 1235 neque
913 1155 966 1219 ille
993 1157 1111 1235 maior,
1141 1162 1177 1224 ut
1206 1158 1291 1225 falso

125 1265 210 1330 idem
232 1265 280 1329 vir
303 1264 415 1327 doctus
437 1259 562 1342 accipit,
585 1258 645 1323 hoc
668 1278 792 1340 quoque
815 1261 943 1326 minime
966 1265 1097 1329 eluceat.

229 1371 352 1436 Notitia
373 1368 485 1433 horum
506 1367 647 1431 locorum
669 1368 809 1446 tempore
832 1368 930 1431 crevit
953 1374 1050 1450 atque
1078 1391 1136 1454 pro
1158 1390 1289 1438 consue

125 1478 246 1553 tudine,
269 1496 350 1560 quae
366 1474 495 1539 Graecis
509 1493 580 1537 cum
594 1490 703 1535 eorum
724 1470 784 1535 fuit
806 1474 939 1555 populis,
963 1495 1066 1540 mores
1089 1496 1215 1559 quoque
1230 1477 1291 1545 ha·

125 1606 197 1651 rum
223 1586 365 1669 gentium
384 1582 536 1648 certiores
557 1577 678 1643 fiebant
700 1584 732 1642 et
755 1599 775 1643 a
798 1578 929 1644 Graecis
948 1586 986 1645 ut
1013 1582 1177 1666 singulare
1197 1585 1291 1667 quid·

125 1690 200 1756 dam
216 1695 248 1754 et
263 1691 303 1759 ab
318 1708 426 1754 eorum
437 1685 595 1751 institutis
615 1684 843 1749 alienissimum
864 1687 1050 1769 saepissime
1071 1692 1291 1775 respicieban-

128 1802 189 1861 tur.
234 1798 343 1878 Aeque
356 1796 439 1859 inter
460 1791 604 1875 populos,
629 1793 683 1871 qui
705 1801 781 1856 tunc
801 1795 868 1857 noti
890 1801 989 1878 erant,
1009 1796 1095 1861 haud
1116 1798 1208 1880 parvi
1229 1799 1289 1864 du·

127 1903 289 1979 cebantnr,
312 1921 445 1984 quorum
468 1919 568 1984 genus
587 1896 713 1962 vivendi
734 1904 766 1960 et
783 1898 931 1965 instituta
950 1903 1077 1967 minime
1095 1905 1205 1988 ignota
1222 1906 1290 1971 1110-

126 2016 210 2087 runt,
232 2002 268 2073 ut
290 2029 330 2073 ex
350 2006 522 2072 Aristotele
544 2010 694 2086 apparet,
717 2005 772 2086 qui
794 2004 834 2069 de
857 2005 981 2090 Scythis
1004 2029 1174 2091 eorumque
1195 2013 1292 2077 mori·

127 2115 188 2182 bus
200 2116 234 2196 ³),
257 2113 412 2178 institutis
432 2132 470 2176 ao
490 2111 557 2176 vita
578 2110 742 2193 publicar)
764 2120 996 2196 commemorat,
1014 2135 1115 2197 aeque
1132 2127 1230 2198 atque
1248 2119 1290 2185 de

127 2222 322 2307 agricultura
345 2226 376 2285 et
397 2220 493 2284 variis
516 2237 624 2282 eorum
646 2217 837 2282 animalibus
846 2226 871 2296 5)
893 2220 1023 2285 edoctus
1037 2224 1106 2286 fuit.
1140 2223 1291 2309 Cognitio

126 2348 251 2412 quoque
281 2348 390 2392 earum
418 2331 574 2391 terrarum
604 2325 772 2390 certiorem
793 2325 857 2388 iarn
877 2325 1011 2391 formam
1032 2332 1182 2411 praebet3
1213 2352 1290 2399 nam

125 2435 312 2499 Aristoteles
331 2454 395 2498 non
417 2433 517 2497 solum
539 2451 645 2496 veram
657 2431 827 2496 Maeotidis
840 2432 968 2514 paludis
983 2436 1129 2500 notitiam
1148 2437 1289 2512 habetes,

125 2547 158 2606 et
180 2542 276 2624 spatii
296 2540 524 2623 longitudinem
544 2522 632 2602 inter
641 2537 833 2602 Maeotidem
856 2544 888 2601 et
910 2538 1090 2622 Hyrcanum
1113 2563 1202 2607 mare
1223 2564 1289 2609 11011

125 2649 253 2733 ignorat
263 2647 296 2733 l),
321 2646 486 2711 sedetiam
501 2646 606 2719 maris,
630 2643 715 2726 quod
729 2644 771 2707 ad
793 2645 1040 2726 septentrionem
1055 2666 1153 2729 supra
1164 2648 1288 2733 Scythi-

125 2774 178 2818 am
200 2753 363 2835 usquead
386 2752 533 2816 Herculis
555 2750 716 2816 columnas
738 2751 922 2833 porrigitur,
946 2753 1090 2817 conscius
1113 2755 1209 2841 estss).
1238 2756 1287 2823 Si-

123 2859 191 2924 mili
217 2859 311 2923 modo
338 2862 448 2943 gentes
475 2857 555 2922 haec
585 2857 759 2922 incolentes
786 2857 856 2922 loca
883 2857 969 2920 haud
999 2879 1112 2940 parum
1141 2861 1171 2924 ei
1190 2866 1288 2929 notae

126 2971 227 3044 crant,
249 2967 367 3048 quippe
391 2966 445 3047 qui
466 2963 590 3039 afferat,
611 2963 697 3048 apud
709 2966 914 3030 Sauromatas
938 2984 1011 3029 oves
1033 2966 1072 3030 ob
1087 2965 1188 3050 frigus
1206 2965 1289 3033 duro

77 3118 81 3127 -
124 3094 194 3140 esse
223 3073 288 3156 pilo
299 3078 340 3151 9),
368 3072 456 3157 apud
476 3071 630 3147 Gelonos,
659 3090 737 3153 quos
759 3070 888 3153 quidam
911 3069 1045 3154 Scythas
1075 3092 1145 3138 csse
1167 3072 1288 3156 dicant,

229 3210 250 3275 ¹)
273 3205 416 3261 Slavische
435 3205 646 3261 Altcrthuemer
666 3205 710 3260 ed.
729 3203 848 3259 Wuttke
865 3205 878 3260 1
896 3223 922 3274 p.
941 3208 1000 3263 338.

225 3297 248 3364 2)
268 3295 364 3364 Steph.
381 3298 449 3365 Byz.
471 3312 495 3349 v.
515 3294 672 3362 Συρμάται.

224 3385 246 3451 ³)
263 3384 352 3440 Arist,
379 3386 414 3439 de
439 3386 547 3440 animal.
570 3399 663 3452 gener.
687 3386 745 3451 782,
764 3383 781 3436 b
800 3385 841 3438 33.
851 3384 1044 3452 physiognom.
1053 3385 1112 3436 805.
1131 3384 1195 3436 027.
1214 3401 1280 3452 pro·

121 3474 271 3542 1110111872,
290 3489 306 3527 a
324 3477 349 3530 2.
366 3475 402 3530 de
420 3474 538 3529 mirabil.
555 3472 673 3528 auscult.
691 3475 750 3540 875,
768 3486 784 3525 0
805 3475 818 3525 1
839 3488 882 3540 sq.
900 3472 963 3527 coll.
978 3488 1002 3528 c.
1022 3471 1133 3529 Aelian.
1151 3476 1178 3541 9,
1200 3474 1232 3527 15
1256 3479 1286 3529 et

122 3563 312 3621 Pseudoarist.
330 3564 391 3620 mir.
411 3565 459 3617 141
478 3577 521 3631 ap.
538 3563 613 3617 Rose
631 3560 780 3618 Aristotel.
798 3561 1054 3631 Pseudoepigraph.
1072 3578 1100 3631 p.
1116 3564 1176 3618 342.

225 3653 247 3719 ⁴)
266 3652 301 3706 de
320 3666 380 3719 rep.
397 3652 473 3719 1324,
492 3649 511 3705 b
530 3651 564 3703 12
581 3654 610 3704 et
627 3652 669 3706 17.

225 3744 245 3805 ⁶)
264 3741 361 3797 histor.
383 3741 493 3796 animal.
510 3741 569 3807 576,
589 3754 606 3792 0
623 3743 665 3797 21.
680 3741 738 3809 ibd,
749 3743 808 3810 631,
825 3755 842 3794 a
859 3744 884 3797 2.
905 3741 940 3796 de
956 3742 1076 3799 mirabil
1090 3741 1207 3799 auscult.
1221 3743 1285 3800 832.

121 3834 141 3889 b
157 3834 182 3890 9.
200 3831 367 3901 problemat.
385 3831 442 3885 925.
463 3844 478 3882 0
497 3826 539 3897 25,
559 3828 594 3884 de
612 3831 722 3889 animal.
741 3847 835 3903 gener.
854 3833 912 3900 748,
931 3846 948 3886 0
965 3833 1007 3889 25.

224 3922 248 3990 ⁶)
266 3921 302 3974 de
319 3920 422 3974 mundo
442 3921 501 3985 393,
521 3933 538 3973 0
556 3921 598 3977 31.

225 4010 248 4078 ¹)
269 4008 304 4064 de
330 4011 434 4064 mundo
454 4012 513 4081 393,
532 4010 550 4064 b
569 4012 609 4067 20.

127 4146 135 4165 ,
223 4099 245 4168 ⁸)
266 4099 499 4169 demandasse,
519 4100 537 4155 b
558 4101 583 4157 7.

222 4188 245 4256 ⁹)
265 4188 429 4248 despinal
446 4204 542 4260 gener.
560 4191 619 4259 783,
637 4191 705 4244 013
805 4214 815 4227 ·
