2706 4566
566 215 777 283 ..22-

94 405 194 470 ones,
217 406 274 452 eas
295 405 363 452 non
397 389 580 451 intellectas
609 389 649 451 ad
681 407 774 452 suam
805 391 993 469 opinionem
1021 390 1255 454 transformare
1281 458 1286 471 1

100 497 306 564 studuerunt,
330 512 394 574 quo
419 497 530 557 officio
554 498 632 557 varii
655 498 745 559 vario
766 497 882 570 modo,
910 502 947 559 ut
973 515 1031 575 pro
1059 515 1094 560 re
1117 499 1255 576 eiusque

93 602 336 665 necessitudine
356 606 467 679 aptum
483 607 690 684 putaverunt,
710 603 814 666 iuncti
833 604 920 665 sunt.
963 605 1042 664 Inde
1064 605 1132 665 fere
1154 620 1254 665 unus·

91 712 229 789 quisque
252 709 393 785 populus
410 714 563 772 externus
577 711 744 788 proprium
766 716 863 790 atque
880 711 1045 788 singulare
1067 711 1253 787 appositum

92 833 277 894 cognomen
299 817 412 889 habet,
435 818 523 895 quod
545 835 645 895 quum
668 820 809 894 primum
830 820 882 879 vel
904 836 944 878 ex
972 834 1092 896 genere
1110 817 1253 889 vivendi,

91 925 143 984 vel
165 941 183 984 e
207 924 315 999 specie
336 924 515 1002 habituque
538 931 571 986 et
592 926 675 1003 aliis,
701 942 784 1005 quae
802 926 919 986 similia
933 930 1019 998 sunt,
1043 925 1252 1001 desumptum

92 1034 193 1104 esset,
218 1029 333 1091 Graeci
355 1033 513 1108 tanquam
536 1032 632 1108 signo
657 1033 697 1092 ad
720 1032 923 1093 denotandas
945 1033 1052 1093 varias
1071 1035 1188 1107 gentes
1213 1046 1253 1090 eo

91 1138 143 1198 usi
174 1141 266 1205 sunt,
295 1139 478 1214 posteriore
507 1156 587 1201 vero
613 1156 712 1210 aevo,
746 1156 845 1218 quum
875 1141 940 1199 iam
969 1139 1113 1203 notionis
1142 1137 1254 1215 primi·

22 1310 25 1315 ,
90 1246 176 1305 tivae
203 1245 254 1304 vis
277 1245 437 1306 exstincta
460 1250 560 1324 esset,
581 1247 724 1307 nominis
747 1248 819 1306 loco
843 1249 1034 1322 usurpatum
1058 1248 1119 1305 est.
1163 1245 1253 1305 Haec

90 1368 144 1414 res
175 1352 380 1429 singulorum
416 1354 585 1415 nominum
627 1354 735 1414 varias
770 1353 890 1414 formas
923 1358 1021 1431 atque
1053 1351 1256 1414 mutationes.

91 1459 188 1520 nobis
219 1452 377 1531 declarat,
409 1460 495 1520 unde
526 1465 559 1521 et
587 1461 642 1521 illa
667 1460 866 1537 ambiguitas
896 1457 983 1534 apud
1014 1459 1189 1534 scriptores
1220 1457 1254 1517 in

92 1565 326 1628 distribuendis
361 1566 499 1643 singulis
532 1568 613 1629 locis
653 1570 737 1630 inter
769 1565 914 1643 singulas
952 1565 1103 1625 nationes
1141 1566 1254 1625 exorta

96 1676 159 1734 est.
204 1673 317 1750 Itaque
344 1689 444 1750 quum
467 1674 626 1736 Herodoti
658 1675 698 1736 de
722 1672 923 1734 sauromatis
950 1671 1052 1732 relata
1082 1670 1253 1730 certiorem

93 1780 158 1839 iam
181 1779 329 1840 notitiam
353 1780 508 1855 prodant,
532 1782 624 1855 fons,
647 1799 666 1843 e
689 1798 753 1859 quo
777 1781 832 1841 illa
855 1779 1032 1851 emanavit,
1062 1777 1253 1855 posterioris

94 1891 145 1946 est
167 1885 258 1958 aevi,
283 1890 382 1965 atque
404 1903 461 1960 ea,
484 1904 568 1966 quae
591 1891 623 1948 in
645 1890 848 1949 Amazonum
871 1885 1006 1952 fabulis,
1036 1883 1167 1945 nudatis
1184 1889 1252 1942 tan·

92 1997 163 2053 tum
191 1995 425 2070 figmentorum
455 1996 701 2073 integumentis,
734 1996 827 2074 quasi
857 1994 1009 2055 nucleum
1032 2008 1140 2053 rerum
1174 2007 1252 2051 vere

93 2104 261 2176 gestarum
282 2100 480 2172 invenimus,
505 2101 623 2162 mirum
645 2101 681 2161 in
703 2100 835 2161 modum
857 2097 1055 2175 comprobat.

194 2310 309 2389 Neque
330 2311 437 2372 aliena
460 2316 537 2373 sunt
559 2314 599 2374 ab
623 2315 678 2387 iis,
701 2330 784 2392 quae
796 2313 985 2374 Herodotus
1004 2311 1100 2372 nobis
1117 2310 1157 2370 de
1177 2308 1253 2369 Sau-

92 2417 227 2478 romatis
249 2418 389 2491 tradidit,
413 2420 572 2506 carmina,
603 2438 688 2500 quae
710 2422 807 2482 variis
829 2421 1031 2496 temporibus
1054 2435 1094 2479 ex
1113 2416 1252 2476 diversis

92 2524 239 2599 partibus
267 2529 434 2602 contexta,
457 2527 718 2603 Argonautarum
743 2529 977 2606 expeditionem
1005 2527 1125 2588 canunt
1154 2525 1254 2599 atque

92 2635 221 2706 praeter
251 2631 400 2693 fabulosa
431 2634 603 2712 pleraque,
641 2652 725 2714 quae
759 2635 800 2696 ad
835 2635 1005 2696 veritatem
1038 2631 1172 2709 propius
1202 2647 1254 2691 ac·

93 2737 223 2817 cedunt,
244 2739 422 2815 proferunt
466 2743 574 2816 Quum
596 2744 683 2805 enim
705 2744 823 2814 multa,
848 2759 932 2821 quae
963 2740 1077 2802 Graeci
1100 2737 1255 2814 antiquis-

94 2845 186 2904 simis
216 2845 282 2906 iam
320 2848 522 2930 temporibus
558 2849 598 2910 de
629 2850 712 2911 locis
739 2851 948 2928 populisque,
983 2859 1067 2925 quos
1096 2847 1130 2905 in
1159 2860 1255 2920 expe·

93 2951 270 3013 ditionibus
303 2959 504 3016 mercaturae
531 2957 700 3018 faciendae
731 2973 832 3018 causa
862 2955 1042 3030 susceptis,
1068 2951 1256 3022 visitabant,

92 3060 227 3120 fabulati
251 3065 337 3132 sunt,
358 3061 392 3120 in
417 3078 474 3123 ore
495 3065 583 3125 varie
606 3069 731 3124 mutata
752 3069 786 3125 et
806 3066 902 3124 aucta
915 3061 954 3121 ad
975 3061 1159 3138 posteriora
1175 3065 1255 3119 tem-

95 3183 175 3243 pora
196 3165 320 3244 perlata
342 3173 470 3249 essent,
499 3187 518 3230 a
539 3176 637 3247 poeta
659 3171 799 3248 quodam
822 3171 875 3232 vel
897 3169 1004 3246 poetis
1033 3167 1113 3228 varii
1133 3163 1257 3241 ingenii

95 3278 129 3335 et
152 3274 271 3335 indolis
300 3275 334 3335 in
361 3293 463 3337 unum
484 3280 703 3355 conglutinata
721 3282 798 3339 sunt
818 3277 952 3348 librum,
976 3276 1031 3354 qui
1052 3274 1255 3359 diversorum

95 3382 329 3455 membrorum,
362 3400 382 3443 e
410 3385 536 3462 quibus¹
559 3387 696 3465 coaluit,
728 3385 841 3445 itidem
870 3384 998 3445 diversa
1027 3386 1061 3441 et
1086 3379 1258 3457 perspicua

94 3490 235 3565 vestigia
265 3490 380 3565 prodit.
430 3486 468 3551 In
500 3509 637 3555 numero
666 3510 796 3570 eorum,
833 3507 916 3569 quae
951 3489 1121 3551 certiorem
1148 3504 1256 3549 rerum

95 3597 243 3657 notitiam
271 3597 443 3669 exhibent,
472 3616 608 3676 quarum
636 3605 768 3669 natura,
794 3615 894 3676 quum
921 3614 961 3659 ex
991 3594 1174 3672 aequalium
1204 3594 1257 3653 vel

95 3720 161 3763 non
191 3677 295 3765 multo
312 3706 510 3767 rotariorum
533 3708 688 3769 memoria
712 3706 901 3777 effluxisset,
924 3705 1080 3765 tutiorem
1102 3700 1258 3778 originem

95 3812 279 3887 profitetur,
311 3827 351 3873 ea
374 3828 520 3892 quoque,
544 3830 627 3892 quae
649 3814 689 3875 de
713 3812 976 3874 Sauromatarum
1007 3807 1141 3871 sedibus
1169 3822 1256 3868 com·

95 3924 333 3993 memorantur,
355 3921 507 3997 ponenda
525 3927 612 3983 sunt.
657 3924 863 3999 Quamquam
890 3935 968 3980 vero
991 3915 1258 3977 Sauromatarum

95 4028 193 4090 sedes
214 4029 247 4088 in
270 4029 333 4090 hoc
353 4031 496 4092 carmine
523 4033 620 4093 certis
648 4030 806 4092 limitibus
841 4033 966 4099 carent,
997 4029 1141 4086 attamen
1171 4021 1258 4101 quod

95 4136 129 4196 in
150 4136 236 4197 serie
250 4136 452 4214 populorum,
475 4139 529 4216 qui
543 4140 577 4199 in
591 4139 631 4200 iis
654 4139 854 4199 collocantur
876 4136 966 4206 locis,
988 4133 1029 4194 de
1050 4131 1169 4211 quibus
1188 4129 1257 4207 agi·
