2706 4566
562 247 774 304 ...33-

89 412 224 497 Scythas
240 418 265 487 1)
286 412 327 478 ad
343 412 499 478 Pontum²
519 431 659 477 summus
678 411 880 478 tribuebatur
901 410 1011 489 honor,
1031 412 1175 479 victimas
1192 414 1248 479 im-

89 519 295 598 molabant,³)
321 526 417 601 atque
439 539 553 585 nomen
575 519 642 584 eius
664 517 800 585 fortasse
819 519 1026 603 depravatum
1047 520 1081 584 in
1097 520 1249 586 vocabulo

88 619 222 710 ἐννόμῳ
248 627 435 692 continetur.

195 730 400 796 Sauromatas
423 738 550 815 gentem
579 730 757 814 Scythicam
780 730 991 814 Hippocrates
1016 733 1143 816 dicit,⁴)
1168 753 1250 817 quae

90 839 134 903 ad
162 838 352 903 Maeotidem
377 838 526 923 paludem
554 839 586 902 in
625 838 774 904 orientali
801 839 868 904 eius
901 859 958 904 ora
991 838 1129 925 habitet,
1164 847 1200 905 ut
1233 860 1267 905 e⁴

90 947 231 1027 ratione,
255 965 319 1028 qua
339 945 393 1010 ille
414 946 448 1008 in
471 944 688 1009 describendis
709 946 836 1028 populis
865 946 908 1012 ad
929 947 1105 1014 Phasianos
1126 953 1158 1014 et
1176 947 1251 1013 inde

91 1053 126 1115 in
154 1051 317 1135 Europam
340 1051 460 1116 directo
489 1071 583 1116 cursu
606 1052 778 1129 transiens,
808 1052 1030 1137 Sauromatas,
1064 1060 1176 1137 utpote
1197 1056 1252 1138 qui

90 1159 187 1244 primi
208 1157 289 1224 haec
305 1159 376 1224 loca
397 1159 571 1234 obtineant,
596 1164 835 1234 commemorat,
858 1161 1009 1243 sequitur.
1054 1160 1146 1239 Quod
1176 1181 1251 1227 vero

90 1264 300 1333 Sauromatae
315 1259 430 1341 ''eduoc
451 1257 625 1329 Σκυθικόν
647 1265 865 1349 appellantur,
899 1273 1031 1332 nonest
1051 1268 1181 1350 propria
1199 1289 1252 1333 ne-

89 1374 178 1439 tione
206 1373 443 1458 accipiendum,
471 1378 625 1457 tanquam
655 1372 864 1437 Sauromatae
894 1393 968 1438 vere
994 1373 1141 1459 Scythica
1173 1395 1252 1459 gens

89 1479 218 1558 fuerint,
238 1501 321 1559 nam,
342 1479 543 1555 utStrabo⁵t
563 1484 673 1561 aperte
686 1479 771 1562 dicit,
794 1480 986 1545 auctoribus
1003 1501 1112 1547 omnes
1131 1487 1253 1565 gentes,

92 1605 174 1668 quae
196 1587 238 1653 ad
258 1589 507 1673 septentrionem
527 1585 735 1670 habitabant,
755 1607 818 1652 uno
846 1588 972 1653 nomine
994 1587 1182 1672 Scytharum
1203 1588 1253 1653 vel

91 1692 271 1760 Nomadum
293 1694 541 1777 comprehensae
571 1693 774 1759 vocabantur.
820 1695 925 1777 Atque
945 1693 1157 1777 Hippocrates
1184 1693 1253 1775 ipse

91 1799 297 1867 Sauromatas
319 1823 339 1866 a
359 1803 490 1884 reliquis
519 1801 705 1886 Scytharum
735 1800 883 1885 gentibus
911 1802 997 1885 (τῶν
1025 1799 1155 1866 ἐθνέων
1182 1801 1252 1865 τῶν

93 1899 219 1995 ἄλλων)
239 1910 389 1987 secernit,
421 1908 463 1973 ad
489 1927 569 1990 quas
597 1907 653 1972 ubi
679 1908 820 1984 transiit,
850 1913 1064 1973 commoratur
1090 1909 1123 1971 in
1145 1927 1254 1972 earum

94 2015 313 2083 describendis
333 2017 483 2098 moribus,
502 2016 631 2079 minime
640 2015 845 2081 Sauromatas
856 2015 1037 2097 respiciens,
1062 2034 1254 2096 quamquam

94 2125 280 2206 saepissime
308 2144 416 2190 eorum
445 2124 569 2188 occasio
601 2123 630 2187 ei
657 2121 766 2188 oblata
788 2128 852 2200 est,
873 2127 922 2201 ut,
941 2143 1037 2207 quum
1068 2121 1107 2187 de
1126 2122 1253 2205 ingenio

95 2230 303 2314 moribusque
323 2236 356 2295 et
377 2250 459 2313 quae
481 2230 627 2296 omnibus
650 2228 776 2314 Scythis
796 2231 975 2295 communia
990 2234 1083 2294 erant
1103 2228 1253 2311 loquitur.

96 2333 201 2412 Quum
223 2337 305 2401 enim
318 2337 455 2421 Scythas
478 2337 691 2420 Hippocrates
712 2338 746 2401 in
766 2338 970 2422 paragrapho
980 2337 1129 2402 vicesima
1142 2336 1255 2419 quinta

93 2440 197 2508 forma
217 2442 302 2510 inter
325 2464 359 2509 se
378 2443 496 2509 similes
526 2464 596 2509 esse
617 2448 799 2527 terramque
828 2465 936 2510 eorum
958 2444 1160 2511 solitudinem
1181 2445 1254 2528 Scy-

94 2547 214 2621 thirem
240 2551 414 2635 appeHari,
441 2552 475 2615 in
504 2571 567 2633 qua
590 2550 725 2634 Scythae
747 2551 906 2617 Nomades
931 2552 1061 2636 degant,
1090 2551 1193 2632 dicat,
1220 2549 1254 2613 in

95 2656 301 2743 paragrapho
323 2659 476 2741 sequenti,
498 2677 690 2741 quamquam
709 2658 749 2722 de
770 2663 838 2723 tota
858 2663 952 2742 gente
965 2657 1113 2742 Scythica
1132 2657 1165 2720 in
1185 2655 1253 2718 uni·

94 2785 229 2841 versum,
249 2765 467 2847 itaqueetiam
490 2765 530 2829 de
543 2764 750 2840 Sauromatis,
768 2765 886 2846 quippe
914 2765 968 2846 qui
991 2763 1127 2847 Scythae
1148 2761 1253 2826 dican-

93 2874 157 2948 tur,
170 2870 321 2955 loquitur,
333 2877 440 2937 tamen
453 2871 572 2937 nullam
585 2870 683 2936 aliam
696 2875 822 2954 gentem
834 2890 931 2953 quam
949 2890 1018 2936 earn
1031 2869 1071 2935 de
1086 2890 1149 2953 qua
1163 2869 1253 2932 initio

95 2979 293 3064 paragraphi
313 2980 429 3063 prioris
453 2978 595 3062 scripsit,
618 2978 652 3042 in
674 2982 779 3042 mente
801 2977 908 3045 habet.
951 2979 1055 3060 Atque
1077 2976 1162 3059 quod
1183 2994 1253 3039 nos-

95 3087 148 3149 ter
169 3082 210 3149 de
228 3084 353 3169 Scythis
383 3084 490 3164 affert,
521 3104 655 3169 corpora
683 3103 792 3149 eorum
821 3104 892 3151 esse
918 3085 992 3150 laxa
1018 3090 1050 3149 et
1068 3083 1200 3166 pinguia
1222 3088 1254 3146 et

93 3188 221 3270 debilia,
240 3192 315 3275 quia
333 3191 422 3257 nulla
443 3195 608 3256 uterentur
627 3191 852 3256 exercitatione
864 3192 887 3275 θ)
901 3184 1011 3273 'aeque
1027 3194 1124 3272 atque
1145 3187 1253 3252 mulie-

90 3315 145 3363 res
168 3299 310 3383 corporis
332 3296 444 3363 habitu
466 3297 551 3363 fluxo
575 3296 786 3377 etinfirmo,⁷)
808 3293 1252 3376 omnesverofulvocolorass)

90 3402 169 3481 hoo,
192 3425 288 3488 quum
310 3403 434 3487 Scythis
456 3407 620 3488 proprium
641 3403 683 3467 sit
703 3398 754 3486 (τὸ
776 3405 846 3468 τῶν
870 3400 1036 3466 Σκυθέων
1058 3398 1177 3484 γένος),
1199 3397 1253 3464 ab·

199 3572 221 3641 ¹)
239 3571 344 3627 Herod.
362 3572 401 3628 IV
420 3586 444 3625 e.
462 3573 503 3626 62.

195 3661 219 3729 2)
239 3661 332 3716 strae.
350 3663 364 3716 1
381 3665 406 3730 a,
423 3664 449 3714 4.

196 3749 219 3818 ⁸)
239 3749 290 3809 cfr.
307 3751 419 3805 Movers
437 3750 460 3817 1,
480 3764 507 3816 p.
527 3751 578 3804 453
596 3766 638 3818 sq.

198 3837 222 3905 ⁴)
240 3838 275 3894 de
292 3841 358 3903 affere
376 3839 400 3908 S.
419 3839 461 3893 24.

195 3926 218 3994 ⁸)
237 3926 252 3980 1
268 3929 294 3996 2,
312 3929 355 3982 27.

196 4014 218 4081 ⁸)
239 4014 274 4068 de
291 4016 356 4070 ae're
376 4015 400 4084 S.
418 4017 459 4069 26.

196 4101 398 4172 OMSQ

197 4189 220 4260 ⁸)
239 4189 297 4246 ibd.
315 4189 341 4260 S.
358 4191 401 4245 28.
