2706 4566
571 264 602 273 ..
654 233 784 304 ὃ...

39 394 42 399 ’
98 399 257 462 servatum
285 399 350 475 est,
379 394 421 460 ad
443 399 591 477 quartum
612 397 753 462 seculum
774 418 802 463 a.
824 395 896 462 Chr.
918 396 1065 482 pertinet.
1075 396 1101 481 1)
1139 397 1255 478 Itaque

96 524 192 586 quum
220 525 259 570 ex
283 504 443 569 variorum
472 504 568 570 variis
590 503 906 588 argumentis,quae
934 505 1003 569 eius
1032 503 1121 589 operi
1142 503 1181 568 de
1202 501 1254 568 his

94 610 245 693 gentibus
258 611 491 696 inserebantur,
513 611 683 677 conflatum
699 613 749 695 sit,
763 613 944 677 cautissime
968 632 1014 690 eo,
1036 611 1139 695 magis
1160 609 1255 674 testis

92 715 162 782 loeo
184 717 227 783 ad
249 717 465 783 confirmanda
487 718 621 783 aliorum
650 719 850 798 testimonia,
872 740 968 802 quam
993 717 1080 782 ionts
1108 717 1178 800 ipso
1206 715 1252 780 ut'

93 843 268 908 possumus.
312 825 489 890 Nautarum
509 825 603 890 modo
634 845 722 891 oram
745 826 840 891 Ponti
870 824 1096 892 occidentalem
1125 825 1253 887 secutus

92 949 194 1014 aeque
215 937 311 1014 atque
330 931 517 998 Herodotus
528 938 554 1010 ²)
577 937 650 1015 post
671 934 790 997 Istrum
819 933 948 998 fluvium
963 930 1160 1016 *Scytharum
1181 947 1254 993 esse

92 1043 219 1124 gentem
240 1040 333 1124 dicit,
361 1046 393 1107 et
414 1041 504 1106 iuxta
525 1061 595 1107 eam
616 1041 651 1104 in
673 1041 847 1107 continenti
871 1047 972 1123 terra,
996 1060 1078 1123 quae
1099 1043 1255 1120 tanquam

91 1149 341 1231 promontorium
373 1149 407 1213 in
435 1168 524 1213 mare
551 1150 725 1232 procurrit,
754 1148 930 1214 Taurorum
961 1168 1030 1213 esse
1064 1152 1192 1230 gentem
1223 1147 1256 1210 et

90 1257 165 1337 post
193 1273 263 1320 earn
286 1254 434 1338 Scythas,
463 1255 498 1318 in
519 1274 652 1337 quorum
672 1254 790 1320 finibus
818 1255 914 1320 urbes
939 1254 1079 1318 Graecae
1108 1250 1254 1316 Theudo-

92 1359 149 1438 sia,
170 1359 290 1446 Gytaea
304 1366 362 1430 etc.
388 1363 474 1428 sitae
498 1363 571 1447 sint,
593 1362 695 1428 affert.
733 1362 863 1446 Scylace
878 1368 1009 1428 auctore
1029 1364 1155 1446 gentem
1170 1357 1255 1424 Tan-

90 1470 190 1535 ricam
218 1471 252 1534 in
281 1471 478 1536 occidentali·
492 1471 700 1554 paeninsulae
724 1475 818 1554 parte
847 1491 912 1535 non
937 1471 1061 1557 longius
1089 1487 1185 1552 quam
1212 1465 1256 1533 ad

91 1575 225 1657 lineam,
250 1598 332 1661 quae
353 1598 411 1662 per
433 1577 669 1661 Oriumetopum
692 1578 830 1644 describi
849 1582 966 1661 posset,
987 1575 1197 1660 pertinuisse,
1216 1593 1257 1640 ex

92 1684 196 1751 altera
217 1705 290 1750 vero
312 1690 405 1769 parte
427 1685 470 1750 ad
500 1685 575 1751 solis
607 1690 711 1750 ortum
733 1684 867 1769 Scythas
894 1684 1058 1750 habitasse
1089 1685 1256 1747 consenta-

93 1812 186 1857 neum
206 1797 264 1858 est.
307 1792 390 1857 Huic
410 1794 568 1858 consentit
586 1792 777 1869 Herodotus
788 1792 816 1876 3)
839 1794 893 1875 qui
915 1791 1049 1875 Scythas
1070 1789 1112 1855 ad
1133 1788 1256 1873 bospo-

91 1920 179 1984 rum,
211 1919 304 1983 quem
329 1899 529 1984 congelatum
557 1899 599 1965 ad
622 1899 736 1964 Sindos
758 1900 918 1983 traiciant,
938 1900 1180 1972 commemorat3
1204 1916 1256 1961 ae·

94 2027 155 2090 que
177 2006 329 2091 Scymnus
347 2005 456 2084 Chius,
466 2012 491 2088 ⁴)
512 2005 675 2091 Ephorum
694 2011 829 2082 secutus,
847 2027 917 2071 eum
931 2008 1095 2089 Anonymo
1108 2003 1135 2088 ⁵)
1157 2022 1257 2086 supra

91 2114 340 2197 Panticapaeum
363 2112 496 2198 Scythas
519 2114 662 2178 nominat
682 2118 780 2196 atque
796 2114 917 2179 Plinius
928 2118 951 2192 6)
975 2114 1016 2180 ab
1039 2118 1111 2177 ortu
1131 2111 1165 2175 in
1173 2110 1258 2175 Tau·

90 2221 159 2287 rica
181 2220 316 2306 Scythas
341 2220 514 2286 Satarchas
533 2219 698 2286 habitasse
729 2221 815 2286 dicit.
860 2221 1115 2305 Septentrionem
1144 2241 1257 2286 uersus

93 2328 257 2413 naviganti
279 2328 322 2394 ad
345 2328 507 2393 sinistram
530 2334 699 2394 occurrunt
719 2326 872 2412 Scythae,
903 2329 957 2410 qui
979 2327 1020 2394 ab
1044 2332 1151 2392 extero
1173 2326 1259 2392 mari

93 2456 136 2501 sc.
157 2436 261 2501 Ponto
286 2435 565 2518 super-‚Tauricam
588 2455 690 2517 usque
713 2435 756 2500 ad
769 2435 960 2500 Maeotidem
983 2434 1132 2516 paludem
1153 2433 1258 2517 porri·

93 2546 220 2626 guntur.
265 2543 382 2618 Verba,
405 2562 487 2626 quae
508 2541 673 2626 leguntur:
696 2533 879 2627 καθήκουσι
889 2536 950 2627 γὰρ
972 2538 1009 2605 ἐκ
1029 2542 1088 2627 tipo
1110 2538 1173 2620 ’ἔξω
1196 2547 1258 2607 θοι

15 2705 18 2710 ,
91 2641 211 2735 ideone
236 2640 319 2734 ὑπὲρ
345 2650 402 2735 τῆς
427 2650 584 2735 Ταυρικῆς
612 2648 657 2725 εἰς
677 2644 737 2734 τὴν
758 2653 910 2715 Μαιῶτιν
940 2651 1055 2736 λίμνην
1075 2650 1259 2715 necessario

89 2776 162 2822 cum
184 2749 333 2840 Σκύθαι,
355 2775 458 2839 neque
490 2777 561 2822 cum
585 2749 772 2840 Συρμάται,
794 2763 830 2823 ut
851 2758 1083 2841 Hudsoniusfl)
1104 2755 1259 2841 Ulterius,

90 2861 339 2943 Mlausenius,8)
362 2863 406 2928 St.
427 2863 582 2930 Martinus
590 2870 616 2944 9)
640 2864 758 2947 aliique
781 2865 957 2949 complures
980 2866 1155 2948 accipiunt,
1183 2884 1256 2951 eon·

91 2968 252 3055 iungenda
266 2973 349 3054 sunt,
370 2989 469 3054 quare
490 2970 589 3054 sedes,
602 2968 801 3056 Scytharum,
825 2993 921 3054 quum
943 2972 1164 3057 postThraces
1183 2968 1258 3056 Scy·

195 3268 285 3358 ¹)'cfn
310 3271 339 3326 O.
359 3268 487 3338 Mueller,
512 3267 670 3338 Geograph.
695 3270 742 3325 Gr.
766 3271 829 3324 min.
852 3271 884 3324 T.
909 3271 922 3326 l
944 3270 1070 3340 prolegg.
1096 3286 1123 3338 p.
1146 3270 1188 3323 44.
1214 3266 1255 3321 St.

92 3356 193 3411 Martin
210 3358 318 3412 Mtudes
341 3358 377 3413 de
399 3357 572 3427 geographie
597 3360 731 3416 ancienne
752 3377 780 3429 p.
800 3362 860 3418 228.
882 3361 919 3414 id.
939 3362 1063 3415 Histoire
1085 3357 1254 3430 geographi-

92 3461 147 3515 que
166 3447 201 3502 de
220 3445 451 3502 l'AsieMineure
472 3448 606 3504 ancienne
623 3465 652 3517 p.
669 3451 728 3504 275.

194 3536 377 3603 &Now

196 3627 218 3695 ο)
240 3627 281 3681 IV
299 3642 322 3681 c.
341 3629 383 3681 28.

195 3715 218 3782 ⁴)
237 3713 302 3769 Orb.
322 3715 454 3783 descript.
474 3733 501 3772 v.
519 3719 577 3770 838.
598 3717 745 3788 (Mueller.)

196 3804 218 3869 ὅ)
238 3805 341 3872 Peripl.
358 3807 439 3860 Pont.
457 3807 528 3861 Mun.
548 3808 573 3876 fi.
592 3810 634 3862 50.
652 3809 798 3878 (Mueller.)

196 3891 418 3962 bfflmffi

197 3979 219 4045 ⁷)
240 3978 343 4054 Geogr.
363 3983 410 4036 (ir.
429 3985 494 4037 min.
512 3985 543 4038 T.
562 3986 576 4038 I
595 4004 621 4055 p.
640 3989 681 4041 30.

196 4067 218 4135 ὓ)
237 4068 330 4138 Frgm.
349 4072 459 4143 Scylac.
479 4075 617 4145 caryand.
637 4094 663 4145 p.
682 4079 740 4131 209.

197 4156 219 4223 ⁰)
238 4138 346 4218 studes
364 4164 376 4219 ι
395 4181 421 4234 p.
440 4168 498 4220 aas.
