2706 4566
566 208 778 275 ..20-

94 386 196 452 tidem
217 386 369 466 paludem
393 385 565 458 tenebant,
589 382 713 445 nullum
743 379 913 445 intercedit
940 381 1025 445 luter
1046 381 1251 450 Herodotum

95 501 128 558 et
141 495 435 574 Argonautioornm
450 498 581 570 poetam
596 489 781 557 discrimen,
806 489 959 567 quoniam
974 495 1111 568 uterque
1126 489 1251 564 eadem,

94 602 223 664 diverso
250 604 379 662 tantum
408 599 536 672 ordine,
563 599 799 659 commemorat
837 597 979 658 nomina.
1025 597 1133 676 Quum
1162 597 1252 658 enim

92 707 280 770 Herodotus
302 725 322 767 a
344 706 544 767 Sauromatis
569 706 729 780 incipiens
752 702 919 780 gentibus,
941 719 1025 782 quae
1053 703 1093 767 ad
1114 705 1252 765 Maeoti-

93 816 143 878 dis
167 832 256 877 oram
286 814 440 890 deinceps
469 812 673 880 habitabant,
720 810 836 871 eodem
867 810 997 888 quidem
1032 810 1159 891 ordine,
1195 811 1252 889 qui

93 923 133 985 ab
154 920 451 996 Argonauticorum
473 922 611 995 poetae
633 917 792 978 contrario
813 921 940 977 tantum
961 921 1111 978 servatus
1131 924 1191 991 est,
1213 919 1250 979 in

91 1029 202 1090 tabula
222 1027 318 1089 sedes
338 1027 378 1087 ad
401 1028 561 1089 orientem
585 1027 690 1101 magis
712 1029 879 1101 porrectas
900 1025 1078 1096 tribuisset,
1096 1025 1247 1101 inArgo·

91 1138 230 1200 nauticis
254 1139 368 1197 contra
386 1135 518 1195 nomina
534 1150 658 1206 earum,
681 1138 717 1193 ut
737 1148 886 1212 quaeque
899 1132 1066 1193 habitabat
1076 1138 1109 1194 et
1131 1151 1151 1193 a
1172 1150 1251 1197 nau-

90 1245 134 1305 tis
155 1243 286 1320 cognita
309 1247 387 1314 erat,
409 1242 699 1302 nobisoceurrunt.
742 1241 856 1317 Neque
872 1238 1011 1299 dubitari
1029 1244 1147 1315 potest,
1170 1243 1252 1321 quin

90 1349 172 1410 haee
196 1349 366 1427 utriusque
389 1348 592 1415 testimonia,
621 1363 704 1425 quae
726 1347 848 1422 optime
870 1347 954 1406 inter
985 1362 1021 1407 se
1040 1348 1250 1425 concordant,

92 1471 301 1517 communem
319 1455 463 1515 habeant
484 1453 623 1525 fontem,
641 1455 697 1531 qui
714 1470 754 1514 ex
768 1457 986 1514 mercatorum
1000 1457 1251 1529 narrationibus,

91 1565 144 1624 vel
166 1579 206 1623 ex
228 1562 363 1622 aliorum
388 1563 515 1637 scriptis
529 1562 622 1621 initio
638 1568 778 1636 sumpto,
801 1562 919 1622 mirum
932 1562 965 1620 in
981 1562 1125 1636 modum,
1148 1580 1251 1641 quum

90 1686 207 1731 revera
236 1669 353 1729 eodem
384 1669 497 1728 ordine
520 1670 582 1729 hae
605 1673 722 1746 gentes
749 1667 903 1728 adoram
928 1669 1122 1729 maritimam
1160 1670 1250 1730 habi·

91 1780 206 1846 tarent,
231 1773 316 1851 apud
338 1779 514 1851 utrumque
535 1776 568 1835 in
590 1791 698 1836 rerum
722 1779 871 1834 naturam
894 1774 1039 1851 quadrat.
1139 1832 1143 1837 .

194 1883 286 1958 Quae
306 1896 384 1943 mox
405 1887 588 1960 sequuntur
617 1887 736 1958 gentes
764 1883 798 1942 in
820 1883 1068 1958 Argonautiois‚
1100 1883 1251 1944 mediter·

91 2005 191 2052 ranea
217 1989 283 2049 iam
313 1988 384 2049 looa
410 1989 612 2060 incolebant,
643 2006 777 2067 quarum
805 1991 937 2050 nomina
958 1989 1077 2064 partim
1099 1994 1253 2067 corrupta

92 2115 131 2159 ac
159 2097 351 2172 depravata,
377 2097 493 2171 partlm
525 2112 622 2157 secus
653 2097 785 2182 tralata,
814 2097 866 2157 vel
893 2114 933 2156 ex
962 2096 1101 2174 quadam
1124 2096 1251 2158 ratione

92 2203 224 2264 vivendi
240 2202 413 2277 desumpta
427 2201 467 2261 ad
487 2208 605 2272 ortum,
627 2203 660 2261 in
682 2203 798 2263 eodem
822 2202 935 2271 ordine
957 2208 1055 2280 atque
1077 2203 1164 2278 apud
1186 2203 1253 2265 He·

91 2311 254 2380 rodotum,
280 2314 428 2385 spectare
448 2309 608 2384 videntur,
632 2314 665 2370 et
685 2328 822 2389 quarum
842 2310 946 2370 ultimi
966 2310 1006 2368 ab
1020 2316 1159 2388 utroque
1177 2311 1251 2372 Ari-

92 2418 197 2493 maspi
219 2420 387 2476 vocantur.
397 2417 421 2489 1)
456 2417 563 2492 Quum
585 2419 630 2477 ita
650 2418 731 2478 alter
741 2419 878 2478 alterum
901 2422 1147 2490 commentetur,
1170 2434 1252 2496 quo-

92 2542 164 2587 rnm
185 2529 322 2601 uterque
346 2524 463 2583 horum
485 2525 633 2584 locorum
655 2526 804 2585 notitiam
831 2542 871 2585 ex
892 2524 965 2584 aliis
995 2525 1136 2600 sumpsit
1156 2523 1253 2584 fonti·

92 2632 171 2703 bus,
193 2632 263 2692 sive
285 2631 309 2690 ii
330 2631 441 2707 scripti
462 2635 562 2705 erant,
586 2633 656 2692 sive
680 2633 713 2692 in
736 2648 792 2693 ore
819 2632 1039 2702 habebantur,
1061 2649 1138 2691 nam
1163 2632 1252 2710 quod

91 2736 296 2798 Herodotum
321 2752 377 2797 eas
407 2738 559 2799 visitasse
590 2740 743 2816 regiones
772 2738 918 2798 nonnulli
947 2743 1081 2814 putant,
1114 2753 1154 2801 ex
1184 2739 1252 2798 He·

91 2843 199 2904 rodoti
218 2844 329 2904 verbis
339 2837 365 2924 ²)
387 2845 538 2905 contendi
560 2862 627 2905 non
650 2849 768 2923 potest,
784 2847 1019 2917 testimonium,
1044 2844 1132 2923 quod
1145 2845 1251 2922 Argo·

92 2951 297 3010 nauticorum
314 2958 412 3026 poeta
442 2950 482 3012 de
504 2950 706 3013 Sauromacis
729 2953 841 3022 affert,
864 2953 983 3012 summi
1005 2953 1165 3013 momenti
1188 2957 1250 3012 est

91 3057 201 3136 Atque
222 3073 322 3135 quum
336 3059 629 3134 Argonauticorum
643 3058 868 3118 testimonium
885 3057 924 3117 ad
938 3059 1130 3136 antiquiora,
1151 3074 1251 3134 quam

92 3163 181 3241 quod
202 3163 242 3222 ab
268 3164 436 3224 Herodoto
459 3163 592 3224 allatum
615 3169 676 3244 est,
701 3171 828 3240 spectet
848 3170 1012 3241 tempora,
1035 3167 1156 3224 utiam
1178 3165 1251 3229 etus

91 3276 216 3344 natura,
239 3286 323 3348 quae
343 3275 499 3349 tanquam
520 3271 620 3331 tincta
640 3277 692 3332 est
712 3273 928 3334 vetustissimi
950 3273 1022 3333 aevi
1046 3272 1163 3344 colore,
1186 3272 1251 3333 hoc

91 3377 188 3439 nobis
203 3377 386 3453 persuadet,
409 3379 494 3438 hane
516 3379 559 3437 ob
576 3395 709 3440 oausam
723 3380 810 3441 idem
826 3381 931 3440 notari
945 3381 1097 3456 oportuit,
1115 3395 1155 3438 ex
1173 3393 1250 3456 quo,

91 3484 196 3565 qualis
217 3485 268 3545 his
290 3487 370 3547 loeis
394 3488 631 3564 antiquissimis
650 3489 854 3565 temporibus
869 3463 1078 3548 commeatus
1090 3493 1124 3547 et
1143 3485 1251 3565 qualis

91 3593 296 3654 consuetudo
325 3595 410 3652 inter
437 3595 583 3669 singulas
609 3598 759 3656 nationes
789 3597 924 3668 fuerint,
955 3595 1128 3664 docemur,
1151 3599 1249 3671 atque

90 3700 249 3761 Herodoti
271 3700 311 3759 de
332 3698 594 3761 Sauromatarum
627 3705 760 3765 sedibus
789 3707 889 3766 relata
910 3705 949 3763 ad
980 3704 1066 3765 idern
1094 3708 1251 3781 tanquam

91 3808 131 3869 ad
146 3797 304 3869 amussim
314 3808 463 3883 redigere
474 3824 657 3883 possumus.
681 3813 794 3892 Neque
808 3815 904 3883 enim,
918 3818 954 3872 nt
971 3830 989 3872 a
1006 3812 1170 3889 plerisque
1186 3811 1251 3872 fac-

90 3922 161 3977 tum
183 3924 248 3984 est,
273 3916 539 3991 Argonautarum
568 3921 721 3981 carminis
747 3922 840 3994 fidei,
866 3926 1024 3998 quantum
1052 3919 1184 3996 quidem
1206 3919 1249 3980 ad

195 4080 216 4148 ¹)
234 4077 338 4133 Herod.
356 4077 396 4136 IV
414 4093 437 4132 o.
455 4079 498 4135 27.
520 4081 561 4135 13.

190 4169 215 4238 ¹)
235 4167 275 4225 IV
294 4183 318 4225 o.
336 4168 394 4226 124
