2706 4566
597 230 814 295 ..54....

129 399 251 462 ditione
275 403 391 461 contra
415 398 513 460 ludos
537 404 688 477 suscepta
699 407 815 478 gentes
830 403 1015 464 auxiliariae
1032 419 1145 465 secum
1158 397 1285 482 duxit.)

124 507 160 566 In
184 506 247 566 hoc
260 506 422 572 convenit,
446 505 533 583 quod
555 505 672 583 Scylax
685 507 959 583 caryandensis)
981 516 1100 570 terram
1123 510 1164 568 ad
1182 511 1284 568 Ther·

121 613 312 673 medentem
342 618 375 673 et
408 612 516 689 Halyn
545 612 630 672 inter
655 614 909 691 Paphlagoniam
938 622 971 677 et
994 617 1157 693 chalybes
1186 618 1282 678 sitam

124 721 294 796 Assyriam
318 726 424 790 vocat,
447 735 550 796 aeque
568 723 665 796 atque
680 721 917 797 Apolloniusi),
941 727 974 782 et
987 724 1112 783 scholia
1134 723 1282 785 adhunc

120 827 228 888 locum
248 827 333 887 fines
358 825 429 886 eius
452 827 538 886 inter
559 826 667 903 Halyn
697 830 731 887 et
758 828 820 887 lrin
845 828 1038 900 extendunt,
1059 831 1176 907 quibus
1199 831 1281 890 locis

120 936 302 1013 Dionysius
322 935 511 1008 Perlegetes
539 935 573 993 in
596 934 834 998 Amazonidum
858 937 976 997 finibus
991 937 1034 996 ad
1057 936 1279 998 Thermodon·

118 1048 186 1104 tem
210 1042 379 1119 Assyriam
401 1040 541 1115 novit).
584 1043 634 1102 Ex
654 1042 705 1103 his
728 1046 878 1120 apparet,
895 1043 1109 1120 Assyriorum
1136 1044 1279 1120 vestigia

117 1149 170 1210 his
195 1150 274 1211 locis
299 1148 339 1208 ad
363 1147 466 1209 multo
485 1148 669 1226 antiquiora
688 1155 836 1226 spectare
859 1155 1016 1226 tempora,
1035 1168 1134 1228 quam
1158 1151 1278 1229 quibus

117 1255 281 1317 Diodorus
304 1271 363 1316 eos
383 1254 424 1314 ad
445 1255 586 1316 Pontum
608 1255 765 1316 deductos
786 1270 861 1317 esse
883 1259 1045 1337 statuerit,
1068 1275 1205 1336 quorum
1219 1273 1278 1319 uo·

117 1380 207 1437 men,
229 1380 331 1442 quum
355 1360 511 1440 Syrorum
542 1378 663 1423 nomen
693 1363 895 1437 suscepisset
906 1364 930 1437 ⁶)
937 1359 952 1443 ,³
975 1363 1047 1442 Syri
1073 1381 1204 1444 quoque
1225 1364 1279 1426 iris

33 1554 36 1559 ι
114 1471 215 1544 locis,
251 1471 349 1531 etiarn
381 1469 560 1546 Leucosyri
587 1468 751 1546 appellati,
779 1471 1122 1543 commemorantur),
1150 1472 1205 1549 qui
1228 1488 1280 1533 se·

118 1579 260 1640 cundum
283 1577 461 1654 Scymnum
476 1575 627 1651 chium)
649 1581 686 1637 ut
702 1576 875 1654 indigenae
891 1575 1036 1654 Sinopen
1047 1579 1138 1656 primi
1158 1579 1279 1661 incole-
1298 1648 1301 1656 ¹

118 1685 206 1745 bant.
250 1683 507 1760 Quamobrem
531 1682 618 1760 quod
642 1682 803 1743 Diodorus
825 1683 865 1744 de
880 1681 1072 1760 Scytharum
1095 1686 1226 1747 colonia
1244 1686 1279 1746 in

117 1794 200 1853 haec
220 1792 296 1852 loca
313 1791 421 1852 missa
442 1790 580 1866 profert,
607 1790 711 1865 ipsius
734 1793 788 1850 est
807 1791 1010 1864 coniectura,
1035 1793 1091 1870 qui
1112 1809 1213 1871 quum
1237 1791 1279 1853 de

117 1899 266 1976 Assyriis
288 1899 340 1958 his
363 1898 568 1974 aceeppiseet
589 1897 687 1970 locis,
716 1897 836 1974 quibus
860 1895 1001 1974 Scythae
1032 1916 1162 1977 quoque
1191 1915 1279 1959 com·

118 2006 383 2068 memorabantur
392 1999 434 2084 Β),
471 2003 688 2066 sufficientem
724 2021 858 2067 causam
897 2006 1023 2080 habuit,
1059 2012 1094 2068 ut
1122 2007 1279 2085 Assyrios

114 2111 312 2192 Scytharum
336 2112 470 2173 colonos
490 2111 523 2170 in
546 2111 607 2170 has
627 2113 818 2187 pervenisse
842 2113 991 2188 regiones
1015 2118 1181 2174 statueret.

221 2226 327 2300 Atque
364 2221 451 2300 quod
485 2220 527 2281 de
557 2208 760 2281 Sauromatis
789 2220 954 2282 Diodorus
988 2224 1136 2297 protulit,
1174 2222 1279 2299 ipsius

116 2331 324 2391 coniecturae
337 2327 475 2388 eandem
494 2327 630 2403 praebet
647 2332 805 2388 naturam.
849 2329 917 2388 Iarn
930 2345 972 2388 ex
981 2328 1101 2398 verbis,
1122 2333 1278 2406 tanquam

119 2435 330 2498 Sauromatae
349 2451 452 2512 quum
475 2434 516 2494 ad
537 2434 661 2495 Tanain
685 2435 914 2496 consedissent
930 2441 963 2495 et
982 2441 1059 2512 post
1078 2435 1201 2496 multos
1224 2450 1279 2493 an·

118 2561 181 2606 nos
204 2561 357 2620 magnam
383 2541 536 2620 Scythiae
562 2548 689 2619 partem
717 2543 904 2620 depopulati
935 2543 1059 2603 incolas
1090 2543 1161 2604 eius
1193 2540 1279 2601 bello

93 2629 97 2638 ⁴
118 2655 291 2728 superatos
311 2651 526 2724 delevissent,
550 2651 633 2711 satis
657 2656 804 2728 apparet,
828 2650 861 2709 in
891 2651 930 2710 iis
955 2666 1008 2711 res
1032 2663 1165 2721 omnes,
1195 2663 1279 2725 quas

118 2757 330 2820 Sauromatae
359 2775 417 2836 per
446 2761 551 2818 toturn
581 2759 739 2835 temporis
772 2760 913 2834 spatium
943 2773 1048 2836 usque
1077 2756 1117 2815 ad
1145 2754 1279 2816 Diodori

117 2870 260 2928 aetatem
281 2867 477 2944 gessissent,
501 2867 692 2927 summatim
713 2865 892 2943 leviterque
913 2865 1101 2940 perstrictae
1121 2868 1278 2940 tanquam

115 2971 284 3034 historiam
305 2988 417 3033 eorum
438 2973 610 3046 contineri,
640 2989 723 3051 quae
751 2988 881 3050 quoque
908 2971 951 3031 ob
975 2973 1060 3032 hanc
1082 2985 1215 3031 causam
1239 2986 1279 3031 ex

116 3079 249 3140 Diodori
274 3078 323 3139 rel
345 3077 515 3138 cuiusdam
536 3078 620 3138 alius
642 3079 759 3139 notitia
772 3081 976 3140 effluxerunt.
1021 3079 1086 3140 Our
1107 3093 1185 3139 vero
1201 3077 1278 3137 Dio·

117 3187 215 3248 dorus
239 3185 450 3247 Sauromatas
467 3201 488 3243 a
508 3183 641 3262 Scythis
663 3191 699 3245 ut
721 3187 857 3248 colonos
883 3188 916 3247 in
945 3187 1025 3246 hoec
1055 3186 1128 3245 loca
1156 3185 1278 3244 missos

116 3295 220 3356 fuisse
243 3295 401 3366 statuerit,
422 3292 557 3354 minime
579 3292 670 3358 latet.
714 3292 982 3356 Sauromatarum
1005 3294 1093 3354 enim
1118 3291 1278 3368 originem

222 3461 243 3528 ¹)
260 3457 338 3513 Suid.
357 3473 380 3515 s.
397 3473 424 3514 v.
441 3455 610 3513 Semiramis.

217 3549 240 3617 ¹)
258 3548 361 3616 Peripl.
378 3547 403 3618 ὅ.
423 3550 466 3605 89.
483 3547 525 3602 ed.
543 3546 668 3604 Mueller.

220 3638 243 3706 ⁸)
262 3635 372 3706 Argon.
390 3638 487 3694 lisso
505 3641 534 3691 et
552 3639 612 3693 964
808 3685 812 3695 ,

219 3729 240 3794 ⁴)
258 3728 341 3781 Dion.
360 3743 387 3784 v.
404 3728 463 3782 772.
483 3725 533 3781 cfr.
551 3724 680 3780 Euststh.
699 3725 734 3778 ad
753 3725 836 3780 Dion.
855 3740 881 3792 p.
904 3725 959 3779 135.
980 3725 1024 3780 ed.
1042 3723 1130 3777 Huds.

219 3817 242 3883 ⁸)
261 3815 312 3871 cfr.
330 3813 471 3883 Duncker,
493 3814 592 3869 Gesch.
612 3814 639 3869 d.
657 3812 780 3868 Altcrth.
800 3814 812 3868 l
830 3830 856 3882 p.
876 3815 933 3867 107.
951 3813 1113 3869 Noeidcclre
1131 3812 1149 3865 l.
1169 3826 1193 3867 c.

219 3906 241 3970 ⁰)
262 3905 367 3961 Herod.
386 3906 398 3960 l
417 3920 440 3960 c.
458 3905 500 3960 72.
518 3904 617 3961 Hecat.
628 3903 713 3958 Miles.
725 3901 809 3971 frgm.
823 3905 873 3957 194
884 3908 912 3958 st
923 3904 974 3956 350
985 3903 1029 3957 ed.
1039 3902 1172 3956 Klauren.
1190 3897 1277 3954 Arte·

116 3992 216 4050 midor.
233 3993 262 4046 in
278 3993 371 4050 Schol.
387 3993 423 4047 ad
443 3992 559 4062 Apollo.
575 3993 602 4049 ΙΙ
620 3995 680 4050 964.
698 3991 793 4049 Strsb.
808 3993 863 4050 ΧΠ
879 3996 906 4063 d,
925 3994 950 4063 d,
970 3993 1030 4063 §.tt
1046 3997 1074 4062 ξ.
1085 3993 1126 4049 tlt
1135 3990 1203 4047 X'VI
1214 3990 1240 4059 l,
1251 3990 1278 4043 s.

219 4085 241 4152 ⁷)
261 4083 326 4139 Orb.
344 4084 466 4152 descrpt.
482 4098 509 4140 v.
527 4085 587 4139 941.
604 4084 729 4140 Mueller.

219 4173 241 4240 ¹)
261 4171 311 4229 cfr.
328 4171 457 4231 Eustath.
475 4171 512 4228 ad
528 4171 611 4229 Dion.
629 4187 657 4231 v.
674 4173 726 4228 788
745 4176 774 4230 ct
791 4173 851 4232 ⁷72
