2706 4566
571 220 782 282 ...60-

99 398 240 463 trionem
261 399 295 459 et
313 391 516 455 occidentem
545 393 782 457 descrlbuntur.
826 392 869 455 At
898 391 992 468 regie
1011 390 1173 451 ¹montana
1201 403 1260 455 oo·

97 523 170 569 rum
191 503 317 587 imperii
338 502 507 564 meridiem
527 517 642 565 versus
666 505 815 579 porrecta
835 500 876 561 ad
905 514 1059 561 occasum
1084 512 1190 573 usquc
1215 494 1257 559 ad

97 617 244 675 montem
268 611 449 677 Caucasum
468 613 640 687 vergebat,
670 628 689 671 a
719 626 784 688 quo
806 624 902 687 porro
931 606 971 667 ad
994 603 1253 681 septentrionem

96 721 263 784 Maeotide
291 724 324 783 et
345 717 478 783 Oceano
507 721 723 784 circumclusa
750 719 891 797 planites
911 715 975 778 sub
995 729 1109 777 eorum
1129 711 1256 775 ditione

96 833 181 903 erat,
207 829 368 908 adquam
397 830 479 891 haec
506 845 637 907 quoque
666 834 751 890 terra
778 825 919 897 accedit,
947 837 1030 903 quae
1061 819 1103 880 ad
1126 820 1253 885 Tanain

94 939 230 1001 durium
252 938 315 997 sita
329 941 408 1009 erat,
431 937 542 1014 itaque
558 937 674 999 eadem
689 937 791 1013 regin,
812 951 898 1013 quae
912 931 953 993 ab
967 926 1131 995 Maeotide
1145 942 1257 1004 usque

94 1047 136 1109 ad
156 1047 323 1108 Oceanum
345 1044 461 1123 pergit,
483 1047 721 1122 comprehensa
742 1048 803 1107 est.
847 1043 895 1103 Ex
917 1041 978 1101 hac
997 1035 1184 1097 turbatione
1203 1033 1255 1093 lo·

94 1171 208 1217 eorum
231 1153 352 1224 elucet,
383 1153 468 1231 quod
491 1153 657 1214 Diodorus
683 1152 724 1214 de
746 1152 893 1214 caucaso
923 1150 1035 1211 monte
1064 1144 1194 1214 afferat,
1217 1140 1252 1203 id

93 1278 161 1323 non
182 1261 223 1321 de
246 1261 391 1322 Caucaso
412 1261 498 1322 inter
519 1263 661 1323 Pontum
684 1267 717 1322 et
736 1259 888 1334 caspium
912 1270 1003 1316 mare
1027 1252 1104 1324 sito,
1128 1249 1187 1313 sed
1209 1249 1252 1313 de

91 1369 303 1444 Paropamiso
335 1369 542 1431 statuendum
573 1385 663 1439 esse,
694 1368 727 1429 in
756 1381 854 1444 quem
874 1361 1074 1425 Macedones
1100 1356 1257 1423 connatis

91 1476 241 1552 plurimis
262 1475 390 1547 fabulis,
411 1476 499 1537 illins
519 1493 640 1538 nomen
660 1469 942 1544 transtulerunt.1)

197 1582 292 1658 Quod
318 1583 345 1643 si
368 1584 597 1659 approbamur,
619 1585 766 1649 Caucaso
792 1586 903 1643 monte
936 1581 970 1639 et
998 1578 1122 1638 Iaxarte
1142 1573 1255 1647 ilario,

92 1691 148 1769 qni
171 1706 211 1750 ex
234 1690 380 1751 Caucaso
404 1692 437 1752 in
461 1710 551 1753 mare
571 1694 770 1770 Hyrcanium
793 1689 961 1767 profluens
979 1684 1101 1744 Tanais
1122 1696 1257 1763 quoque

92 1797 322 1873 appellabatur,
332 1791 357 1878 ²)
380 1799 463 1859 fines
478 1799 674 1878 Scytharum
695 1800 736 1859 ab
756 1795 959 1859 meridionali
979 1795 1071 1869 parte
1086 1788 1254 1871 ‚definiun-

92 1909 160 1976 tar,
192 1903 270 1964 dum
293 1904 443 1967 Oceanus
483 1909 660 1970 orientales
693 1902 1034 1984 septentrionalesque
1064 1902 1098 1959 et
1132 1896 1256 1957 Tanais

92 2011 301 2089 Maeotisque
322 2013 543 2077 occidentales
565 2018 649 2078 fines
669 2014 867 2077 describunt.
913 2009 1124 2087 Scytharum,
1157 2004 1214 2083 qui
1235 2019 1256 2065 a

93 2118 236 2178 Diodoro
259 2118 311 2179 his
332 2120 430 2180 modo
454 2124 586 2185 anobis
596 2123 767 2198 descriptis
789 2120 872 2182 locis
895 2117 1104 2185 collocantur,
1128 2113 1255 2190 posteri

93 2224 258 2302 aliquanto
286 2231 362 2301 post
389 2228 475 2289 fines
500 2231 625 2308 imperii
654 2248 694 2291 ex
725 2229 827 2291 altera
853 2229 945 2302 parte
971 2239 1029 2299 per
1057 2222 1182 2285 Tanain
1213 2219 1255 2285 ad

94 2333 266 2392 ThraoIam
298 2349 403 2411 usque
435 2352 475 2396 ex
508 2339 610 2397 altera
639 2337 680 2397 ad
712 2336 822 2396 Nilum
855 2345 1057 2410 propagasse
1093 2329 1257 2393 dicuntur.

94 2439 186 2501 Haec
208 2439 334 2513 notitia
365 2457 449 2517 quae
480 2443 520 2502 ad
543 2445 631 2504 varia
653 2447 780 2520 spectat
800 2446 966 2516 tempora,
993 2441 1163 2512 tantopere
1183 2439 1257 2499 teu·

93 2555 166 2610 tum
200 2563 274 2607 cum
304 2547 472 2610 Herodoto
507 2552 697 2623 concordat,
730 2549 816 2628 quod
853 2548 905 2608 hic
938 2545 1079 2622 Scythas
1108 2544 1257 2621 cyaxare

94 2659 254 2733 regnante
277 2670 317 2715 ex
336 2653 467 2732 Europa
488 2656 520 2718 in
543 2657 655 2718 Asiam
684 2675 742 2734 per
768 2655 961 2719 Caucasium
987 2653 1145 2713 isthmum
1175 2651 1257 2713 irru-

94 2764 185 2839 pisse
206 2765 240 2822 et
262 2763 469 2824 Psametieho
491 2770 649 2841 regnante
672 2781 776 2842 usque
797 2763 837 2822 ad
852 2762 1038 2838 Aegyptum
1058 2774 1257 2837 progressos

94 2887 153 2946 per
173 2868 309 2929 XXVIII
335 2859 440 2932 annos
460 2873 558 2933 Asiae
579 2874 764 2933 domInatos
784 2886 859 2931 esse
875 2874 991 2929 narrat.
1003 2865 1030 2943 ³)
1065 2867 1256 2930 Secundum

96 2976 299 3041 Herodotum
324 2975 518 3053 Scytharum
543 2980 706 3054 expeditio
729 2995 769 3037 ex
788 2978 952 3049 Europa
974 2976 1006 3035 ln
1029 2975 1144 3035 Asiam
1168 2975 1257 3041 lacte

96 3089 157 3162 est,
180 3101 290 3161 quum,
315 3083 459 3146 Diodoro
482 3091 623 3156 auctore,
647 3101 665 3144 e
687 3084 849 3143 contrario
870 3099 910 3143 ex
933 3081 1013 3141 locta
1036 3087 1127 3141 trane
1150 3083 1262 3149 laxar-

96 3198 151 3251 ten
183 3191 254 3250 sitis
286 3187 425 3266 Scythae
455 3197 558 3252 totam
582 3191 697 3252 Asiam
721 3190 918 3250 inundarint.
961 3188 1174 3249 Manifestum
1205 3195 1259 3252 est

95 3300 203 3375 igitur,
227 3295 422 3373 Scytharum
442 3299 693 3376 expeditionem,
724 3298 764 3358 de
795 3312 858 3373 qua
889 3296 1051 3358 Diodorus
1089 3297 1185 3372 quasi
1217 3297 1258 3358 de

95 3422 160 3466 una
181 3420 247 3465 uno
272 3410 420 3482 tempore
451 3408 535 3467 facta
565 3407 726 3485 loquitur,
749 3405 790 3465 ad
819 3404 881 3464 tria
909 3403 1073 3480 pertinere
1096 3403 1258 3478 temporis

95 3513 216 3588 spatia,
251 3529 390 3590 quorum
425 3530 527 3574 unum
563 3531 620 3575 eas
650 3514 876 3591 complectitur
904 3529 974 3580 res,
1007 3528 1090 3591 quas
1114 3511 1258 3590 Scythae

94 3634 198 3696 usque
230 3617 271 3679 ad
293 3611 416 3679 Tanain
439 3623 605 3696 progressi
629 3627 822 3698 gesserunt,
843 3622 981 3680 alterum
1001 3636 1081 3681 vero
1113 3619 1202 3680 eadit
1224 3621 1257 3680 ln

200 3804 220 3870 ¹)
239 3802 288 3856 cfr.
308 3803 473 3876 Bernhardy
491 3804 529 3858 ad
546 3805 628 3859 Dion.
646 3806 753 3874 Perieg.
772 3822 798 3859 v.
817 3807 876 3860 714.
894 3804 1052 3860 Aristobul
1071 3819 1117 3873 ap.
1140 3803 1257 3861 Arriam

92 3894 166 3960 Exp.
184 3891 267 3947 Alex.
288 3891 330 3944 Ill
348 3894 396 3960 28,
421 3894 452 3962 ὅς
473 3897 515 3963 29,
533 3897 558 3949 2.
582 3895 727 3949 Eratosth.
746 3896 776 3950 in
793 3893 958 3949 Bernhardii
978 3893 1205 3964 Eratosthenica,
1228 3911 1256 3964 p

110 3982 152 4035 4⁷.
172 3980 335 4050 Megasthen
355 3995 400 4049 ap.
421 3981 513 4037 Strab.
532 3984 561 4037 in
578 3985 703 4038 Muelleri
724 3985 818 4054 Frgm.
837 3983 901 4037 hist.
920 3981 968 4039 Gr.
987 3983 1013 4039 Η
1030 3999 1058 4053 p.
1075 3984 1135 4041 tos.

194 4073 219 4141 ¹)
236 4069 395 4127 Aristobul.
412 4086 457 4140 ap.
478 4069 592 4129 Arrian.
609 4075 683 4143 Exp.
703 4073 788 4130 Alex.
805 4073 845 4131 111
863 4074 906 4141 30,
921 4073 946 4127 7.

195 4161 217 4229 ⁸)
235 4159 339 4217 Herod
357 4161 370 4216 1
389 4175 412 4218 o.
434 4162 494 4218 10³.
512 4176 555 4231 aq.
