2706 4566
562 189 776 249 ..aym

91 363 144 423 nis
156 362 178 436 1)
210 364 351 424 maxime
383 362 546 422 admonet.
590 359 629 420 In
660 359 770 420 fabula
799 359 883 436 apud
908 361 1086 437 Diodorum
1109 361 1252 439 Scythae

93 470 252 546 originem
277 486 462 547 nomenque
485 485 504 528 a
528 467 665 544 Scytha,
695 467 852 527 echidnae
880 471 912 527 et
934 470 1021 529 Iovis
1041 469 1124 541 filio,
1157 469 1253 529 cuius

91 577 201 653 proles
241 578 368 653 imperii
394 580 474 637 fines
502 582 593 635 trans
621 573 746 632 Tanain
788 574 821 632 in
850 575 1012 650 Europam
1050 576 1253 652 propagavit,

99 684 281 761 sumpsisse
302 685 465 754 dicuntur,
488 697 591 759 aeque
615 684 712 757 atque
734 681 818 756 apud
841 681 1044 742 Herodotum
1066 682 1153 742 iilius
1175 688 1255 743 natu

95 793 250 852 minimus
273 791 431 852 echidnae
454 807 527 850 oum
543 789 684 849 Hercule
707 788 910 859 coniunctae,
933 791 985 866 qui
1008 806 1074 848 nou
1095 794 1146 848 est
1162 790 1255 862 alius,

97 915 194 976 quam
226 897 370 974 Iuppiter
398 897 483 972 apud
515 895 703 967 Diodorum,
716 890 740 974 ²)
773 900 870 972 atque
908 896 1086 956 seeundum
1120 896 1257 956 aiteram

98 1003 290 1080 Scytharum
313 1006 532 1066 narrationem
552 1020 588 1063 ex
610 999 823 1078 Borysthenis
845 1002 911 1072 iilia
927 1004 1103 1080 Targitaon
1125 1019 1259 1081 proere-

98 1111 211 1186 avit,³)
234 1127 348 1171 eorum
370 1111 479 1188 gentis
501 1113 616 1170 auctor
639 1112 698 1169 est.
742 1109 848 1169 Huius
868 1109 995 1171 fabulae
1016 1109 1142 1171 iontem
1160 1110 1261 1172 Grae·

96 1233 171 1277 cum
195 1233 281 1288 esse,
303 1217 390 1295 quod
415 1216 512 1277 etiam
536 1215 723 1275 Herodotus
743 1215 883 1291 addit,⁴)
914 1217 1048 1277 minime
1070 1216 1159 1277 latet.
1205 1218 1261 1278 Al·

94 1328 164 1384 tera
187 1342 317 1403 quoqne
339 1323 533 1401 Scytharum
562 1322 700 1398 originis
722 1323 872 1383 exstabat
893 1323 1048 1400 fahalmi)
1070 1340 1154 1402 quae
1180 1323 1262 1403 Scy·

96 1431 170 1491 thas
189 1447 230 1492 ex
253 1432 352 1492 Asia
380 1431 414 1490 in
436 1431 601 1505 Europam
624 1428 766 1502 inducit,
797 1432 853 1509 qui
880 1447 981 1510 quum
1011 1431 1044 1491 in
1067 1431 1263 1493 Cimmerio·

96 1554 169 1598 rum
200 1541 283 1599 fines
313 1539 456 1615 ingressi
476 1553 598 1615 eosque
621 1538 787 1613 persecuti
815 1542 944 1611 essent,
977 1540 1010 1600 in
1034 1539 1146 1600 Asiam
1169 1541 1260 1599 retro

97 1645 259 1705 irruerunt
267 1639 295 1725 6)
318 1649 415 1722 atque
438 1644 541 1705 Medis
561 1646 724 1720 superatis
738 1645 761 1717 ⁷)
781 1648 917 1723 totaque
940 1645 1075 1705 subacta
1096 1645 1178 1706 Asia
1197 1660 1260 1720 per

98 1751 231 1812 XXVIII
240 1769 427 1812 annoseam
438 1752 650 1828 depopulatiss)
662 1757 748 1812 sunt.
771 1752 1283 1816 Exhisduabusnarrationibus·

102 1858 228 1918 collatis
243 1857 409 1919 Diodorus
433 1874 526 1919 snam
545 1860 695 1919 notitiam
719 1859 911 1939 desumpsit,
933 1861 988 1938 qui
1000 1877 1099 1938 quum
1125 1858 1166 1918 de
1182 1856 1261 1936 Scy·

102 1965 230 2026 tharum
249 1965 281 2024 in
299 1965 413 2026 Asiam
433 1967 613 2042 irruptione
626 1967 818 2043 accepisset,
839 1985 952 2028 eorum
971 1967 1070 2027 rebus
1091 1966 1135 2025 ibi
1157 1965 1264 2042 gestis

99 2072 299 2134 immoratur.
344 2075 451 2151 Atque
470 2074 602 2135 maximi
627 2090 702 2134 esse
730 2075 886 2134 momenti
907 2075 937 2134 ei
958 2075 1065 2135 visum
1089 2077 1149 2144 est,
1176 2071 1264 2150 quod

102 2178 243 2257 Scythae
267 2181 306 2240 ad
329 2183 469 2241 Pontum
493 2186 527 2240 et
548 2180 749 2242 Maeotidem
772 2181 923 2256 paludem
952 2181 1097 2240 colonias
1123 2179 1266 2240 deduxe-

100 2290 183 2358 rant,
207 2290 240 2346 et
249 2304 349 2364 quum
362 2288 448 2363 apud
461 2303 518 2348 eos
537 2288 616 2348 ordo
640 2305 747 2350 rerum
773 2293 917 2349 mutatus
941 2287 1076 2362 essert),
1099 2287 1265 2357 mulieres,

89 2393 291 2454 ¹fortitudine
310 2394 525 2466 excellentes,
550 2396 697 2472 regimen
722 2395 945 2456 obtinuerunt.
989 2396 1050 2454 His
1071 2393 1265 2454 mulieribus

102 2501 317 2576 regnantibus
347 2500 449 2561 multa
475 2503 640 2578 praeclare
669 2508 763 2580 gesta
803 2509 895 2578 sunt3
924 2520 999 2563 nam
1029 2519 1129 2580 quum
1159 2501 1266 2578 cyrus

104 2612 218 2668 contra
241 2605 380 2684 Scythas
401 2608 642 2683 expeditionem
671 2609 819 2679 fecisset,
842 2628 860 2670 a
887 2611 1001 2687 regina
1024 2625 1136 2669 eorum
1157 2608 1266 2668 vietus

104 2720 284 2793 captusque
322 2715 484 2775 eruciatus
521 2720 572 2776 est
607 2701 640 2796 (ἡ
666 2711 834 2790 βασίλισσα
859 2712 930 2778 τῶν
951 2711 1101 2777 Σκυθῶν
1210 2732 1268 2775 κα-

103 2814 225 2900 τέκοψε
238 2865 243 2880 .
257 2865 265 2881 .
278 2867 285 2882 .
297 2809 551 2903 ἀνεσταύρωσε.)
596 2823 711 2884 Omnis
725 2825 806 2886 haec
828 2825 960 2886 Diodori
976 2824 1117 2885 narratio
1133 2823 1173 2882 de
1189 2821 1266 2901 Scy·

103 2929 171 2990 this
194 2930 317 2990 inAsia
340 2945 519 3008 eorumque
541 2930 639 2992 rebus
667 2932 771 3007 gestis
795 2949 835 2993 ex
856 2932 1024 2993 Herodoto
1037 2931 1072 3006 ¹⁰]
1102 2930 1267 3006 exscripta

105 3041 171 3106 est,
205 3037 260 3114 qui
281 3036 394 3096 eadem
415 3036 456 3098 de
475 3038 674 3115 Massagetis
697 3043 730 3099 et
746 3039 822 3116 cyri
840 3043 954 3101 contra
979 3055 1038 3102 eos
1059 3037 1268 3115 expeditione

212 3220 232 3288 ¹)
251 3220 354 3276 Herod.
372 3222 411 3279 lv
430 3236 453 3277 o.
471 3224 496 3276 9.

206 3311 230 3379 ¹)
250 3309 300 3365 cfr.
318 3311 430 3367 Movere
447 3311 461 3367 1
478 3325 507 3380 p.
526 3312 585 3367 176.

178 3422 182 3427 ’
207 3400 230 3468 ⁸)
248 3401 352 3457 Herod.
370 3402 410 3458 IV
427 3417 451 3456 e.
469 3400 494 3455 5.

206 3489 382 3556 hwem

208 3579 230 3647 ὅ)
249 3578 352 3634 Herod.
369 3579 411 3636 IV
430 3594 453 3635 c.
472 3580 514 3634 11.
533 3582 574 3634 12.

108 3684 111 3689 ’
207 3669 230 3737 ⁸)
249 3669 352 3724 Herod.
371 3671 384 3727 1
402 3686 426 3723 e.
445 3672 486 3724 73.

204 3759 227 3827 ⁷)
244 3758 350 3814 Herod.
369 3760 383 3813 I
402 3776 426 3814 e.
446 3761 505 3814 104.

206 3855 228 3923 ⁸)
248 3856 352 3911 Herod.
370 3857 384 3913 Ι
402 3871 426 3911 e.
445 3857 505 3912 106.
1254 3915 1267 3931 „

206 3945 229 4011 ⁹)
245 3943 371 4002 Diodii
390 3961 414 4003 o.
440 3946 487 3999 44:
514 3937 652 4013 ἀναρχίας
678 3943 831 4017 γενομένης,
853 3944 1032 4018 ἐβασίλευσαν
1048 3950 1176 4014 γυναῖκες
1198 3940 1268 4014 ἄλκη

104 4031 298 4102 διαφέρουσαι.

207 4127 242 4198 ¹⁰)
259 4127 273 4187 1
292 4141 316 4183 ι.
334 4129 479 4184 σοι-ιιι.
