<?xml version="1.0" encoding="UTF-8"?>
<!DOCTYPE html PUBLIC "-//W3C//DTD XHTML 1.0 Transitional//EN"
    "http://www.w3.org/TR/xhtml1/DTD/xhtml1-transitional.dtd">
<html xmlns="http://www.w3.org/1999/xhtml" xml:lang="en" lang="en">
 <head>
  <title>
</title>
<meta http-equiv="Content-Type" content="text/html;charset=utf-8" />
  <meta name='ocr-system' content='tesseract 3.04.00' />
  <meta name='ocr-capabilities' content='ocr_page ocr_carea ocr_par ocr_line ocrx_word'/>
</head>
<body>
  <div class='ocr_page' id='page_1' title='image "./defontibusapudv00kaligoog_0048.png"; bbox 0 0 2706 4566; ppageno 0'>
   <div class='ocr_carea' id='block_1_1' title="bbox 579 228 794 288">
    <p class='ocr_par' dir='ltr' id='par_1_1' title="bbox 579 228 794 288">
     <span class='ocr_line' id='line_1_1' title="bbox 579 228 794 288; baseline 0 -17"><span class='ocrx_word' id='word_1_1' title='bbox 579 228 794 288; x_wconf 59' lang='lat'>„39-</span> 
     </span>
    </p>
   </div>
   <div class='ocr_carea' id='block_1_2' title="bbox 44 391 1267 3152">
    <p class='ocr_par' dir='ltr' id='par_1_2' title="bbox 99 391 1267 1650">
     <span class='ocr_line' id='line_1_2' title="bbox 108 391 1267 479; baseline -0.002 -20"><span class='ocrx_word' id='word_1_2' title='bbox 108 413 179 460; x_wconf 91' lang='lat' dir='ltr'>cum</span> <span class='ocrx_word' id='word_1_3' title='bbox 215 392 368 475; x_wconf 89' lang='lat' dir='ltr'>temporis</span> <span class='ocrx_word' id='word_1_4' title='bbox 402 392 584 457; x_wconf 84' lang='lat' dir='ltr'>vetustioris</span> <span class='ocrx_word' id='word_1_5' title='bbox 622 391 761 457; x_wconf 91' lang='lat' dir='ltr'>nondum</span> <span class='ocrx_word' id='word_1_6' title='bbox 790 395 856 457; x_wconf 89' lang='lat' dir='ltr'>tam</span> <span class='ocrx_word' id='word_1_7' title='bbox 878 397 1057 479; x_wconf 87' lang='lat' dir='ltr'>propagata</span> <span class='ocrx_word' id='word_1_8' title='bbox 1077 393 1267 478; x_wconf 87' lang='lat' dir='ltr'>cognitione,</span> 
     </span>
     <span class='ocr_line' id='line_1_3' title="bbox 106 498 1267 583; baseline -0.001 -18"><span class='ocrx_word' id='word_1_9' title='bbox 106 520 189 583; x_wconf 86' lang='lat' dir='ltr'>quae</span> <span class='ocrx_word' id='word_1_10' title='bbox 211 505 316 567; x_wconf 88' lang='lat' dir='ltr'>terras</span> <span class='ocrx_word' id='word_1_11' title='bbox 333 500 435 583; x_wconf 88' lang='lat' dir='ltr'>magis</span> <span class='ocrx_word' id='word_1_12' title='bbox 456 499 601 565; x_wconf 89' lang='lat' dir='ltr'>boreales</span> <span class='ocrx_word' id='word_1_13' title='bbox 615 498 744 564; x_wconf 92' lang='lat' dir='ltr'>minime</span> <span class='ocrx_word' id='word_1_14' title='bbox 765 500 950 582; x_wconf 86' lang='lat' dir='ltr'>spectabat,</span> <span class='ocrx_word' id='word_1_15' title='bbox 973 499 1151 565; x_wconf 87' lang='lat' dir='ltr'>concordat.</span> <span class='ocrx_word' id='word_1_16' title='bbox 1179 499 1267 576; x_wconf 82' lang='lat' dir='ltr'>Quae</span> 
     </span>
     <span class='ocr_line' id='line_1_4' title="bbox 104 605 1266 691; baseline -0.001 -18"><span class='ocrx_word' id='word_1_17' title='bbox 104 628 157 673; x_wconf 88' lang='lat' dir='ltr'>res</span> <span class='ocrx_word' id='word_1_18' title='bbox 180 626 276 690; x_wconf 90' lang='lat' dir='ltr'>quum</span> <span class='ocrx_word' id='word_1_19' title='bbox 299 606 338 671; x_wconf 91' lang='lat' dir='ltr'>de</span> <span class='ocrx_word' id='word_1_20' title='bbox 360 607 537 691; x_wconf 86' lang='lat' dir='ltr'>posteriore</span> <span class='ocrx_word' id='word_1_21' title='bbox 565 606 687 690; x_wconf 83' lang='lat' dir='ltr'>origine</span> <span class='ocrx_word' id='word_1_22' title='bbox 707 605 801 672; x_wconf 89' lang='lat' dir='ltr'>huius</span> <span class='ocrx_word' id='word_1_23' title='bbox 820 607 995 673; x_wconf 87' lang='lat' dir='ltr'>testimonii</span> <span class='ocrx_word' id='word_1_24' title='bbox 1024 612 1174 690; x_wconf 83' lang='lat' dir='ltr'><strong>testetur,</strong></span> <span class='ocrx_word' id='word_1_25' title='bbox 1204 626 1266 690; x_wconf 91' lang='lat' dir='ltr'>quo</span> 
     </span>
     <span class='ocr_line' id='line_1_5' title="bbox 107 712 1267 799; baseline -0.001 -20"><span class='ocrx_word' id='word_1_26' title='bbox 107 713 272 799; x_wconf 87' lang='lat' dir='ltr'>Syrmatae</span> <span class='ocrx_word' id='word_1_27' title='bbox 293 712 327 778; x_wconf 91' lang='lat' dir='ltr'>in</span> <span class='ocrx_word' id='word_1_28' title='bbox 339 712 469 796; x_wconf 80' lang='lat' dir='ltr'>Europa</span> <span class='ocrx_word' id='word_1_29' title='bbox 492 713 700 798; x_wconf 80' lang='lat' dir='ltr'>collocantur,</span> <span class='ocrx_word' id='word_1_30' title='bbox 721 734 836 778; x_wconf 92' lang='lat' dir='ltr'>nomen</span> <span class='ocrx_word' id='word_1_31' title='bbox 853 714 959 798; x_wconf 90' lang='lat' dir='ltr'>ipsum</span> <span class='ocrx_word' id='word_1_32' title='bbox 980 717 1087 778; x_wconf 88' lang='lat' dir='ltr'>tamen</span> <span class='ocrx_word' id='word_1_33' title='bbox 1102 712 1267 796; x_wconf 87' lang='lat' dir='ltr'>Syrmatae</span> 
     </span>
     <span class='ocr_line' id='line_1_6' title="bbox 104 816 1267 904; baseline -0.002 -18"><span class='ocrx_word' id='word_1_34' title='bbox 104 840 207 904; x_wconf 90' lang='lat' dir='ltr'>aeque</span> <span class='ocrx_word' id='word_1_35' title='bbox 227 841 264 885; x_wconf 97' lang='lat' dir='ltr'>ac</span> <span class='ocrx_word' id='word_1_36' title='bbox 277 819 484 885; x_wconf 80' lang='lat' dir='ltr'>Sauromatae</span> <span class='ocrx_word' id='word_1_37' title='bbox 500 826 620 885; x_wconf 90' lang='lat' dir='ltr'>rectum</span> <span class='ocrx_word' id='word_1_38' title='bbox 644 823 677 884; x_wconf 90' lang='lat' dir='ltr'>et</span> <span class='ocrx_word' id='word_1_39' title='bbox 698 840 737 885; x_wconf 86' lang='lat' dir='ltr'>ex</span> <span class='ocrx_word' id='word_1_40' title='bbox 758 825 844 885; x_wconf 87' lang='lat' dir='ltr'>certo</span> <span class='ocrx_word' id='word_1_41' title='bbox 866 816 952 884; x_wconf 76' lang='lat' dir='ltr'>&#39;fonte</span> <span class='ocrx_word' id='word_1_42' title='bbox 974 818 1175 904; x_wconf 89' lang='lat' dir='ltr'>desumptum</span> <span class='ocrx_word' id='word_1_43' title='bbox 1197 840 1267 885; x_wconf 88' lang='lat' dir='ltr'>esse</span> 
     </span>
     <span class='ocr_line' id='line_1_7' title="bbox 103 924 1265 1011; baseline 0.002 -20"><span class='ocrx_word' id='word_1_44' title='bbox 103 930 227 1010; x_wconf 88' lang='lat' dir='ltr'>potest,</span> <span class='ocrx_word' id='word_1_45' title='bbox 251 925 336 1007; x_wconf 90' lang='lat' dir='ltr'>quod</span> <span class='ocrx_word' id='word_1_46' title='bbox 357 924 509 991; x_wconf 88' lang='lat' dir='ltr'>Eudoxus</span> <span class='ocrx_word' id='word_1_47' title='bbox 518 927 546 1011; x_wconf 86' lang='lat'>¹)</span> <span class='ocrx_word' id='word_1_48' title='bbox 568 931 600 991; x_wconf 91' lang='lat' dir='ltr'>et</span> <span class='ocrx_word' id='word_1_49' title='bbox 620 925 741 991; x_wconf 90' lang='lat' dir='ltr'>Plinius</span> <span class='ocrx_word' id='word_1_50' title='bbox 752 927 779 1011; x_wconf 81' lang='lat'>2)</span> <span class='ocrx_word' id='word_1_51' title='bbox 805 946 868 990; x_wconf 91' lang='lat' dir='ltr'>non</span> <span class='ocrx_word' id='word_1_52' title='bbox 887 925 1087 1010; x_wconf 78' lang='lat' dir='ltr'>ignorabant.</span> <span class='ocrx_word' id='word_1_53' title='bbox 1145 926 1195 990; x_wconf 87' lang='lat' dir='ltr'>Ex</span> <span class='ocrx_word' id='word_1_54' title='bbox 1214 949 1265 993; x_wconf 89' lang='lat' dir='ltr'>ve·</span> 
     </span>
     <span class='ocr_line' id='line_1_8' title="bbox 101 1031 1265 1117; baseline 0.001 -19"><span class='ocrx_word' id='word_1_55' title='bbox 101 1034 236 1098; x_wconf 87' lang='lat' dir='ltr'>tustiore</span> <span class='ocrx_word' id='word_1_56' title='bbox 250 1052 323 1098; x_wconf 88' lang='lat' dir='ltr'>vero</span> <span class='ocrx_word' id='word_1_57' title='bbox 339 1031 426 1097; x_wconf 88' lang='lat' dir='ltr'>fonte</span> <span class='ocrx_word' id='word_1_58' title='bbox 440 1033 699 1099; x_wconf 86' lang='lat' dir='ltr'>Sauromatarum</span> <span class='ocrx_word' id='word_1_59' title='bbox 720 1033 836 1099; x_wconf 90' lang='lat' dir='ltr'>notitia</span> <span class='ocrx_word' id='word_1_60' title='bbox 858 1032 1001 1109; x_wconf 77' lang='lat' dir='ltr'>obduxit,</span> <span class='ocrx_word' id='word_1_61' title='bbox 1025 1033 1080 1115; x_wconf 90' lang='lat' dir='ltr'>qui</span> <span class='ocrx_word' id='word_1_62' title='bbox 1102 1034 1196 1117; x_wconf 86' lang='lat' dir='ltr'>primi</span> <span class='ocrx_word' id='word_1_63' title='bbox 1219 1037 1265 1117; x_wconf 90' lang='lat' dir='ltr'>(in</span> 
     </span>
     <span class='ocr_line' id='line_1_9' title="bbox 103 1139 1263 1222; baseline 0.002 -18"><span class='ocrx_word' id='word_1_64' title='bbox 103 1139 191 1217; x_wconf 81' lang='lat' dir='ltr'>Asia)</span> <span class='ocrx_word' id='word_1_65' title='bbox 214 1139 256 1204; x_wconf 92' lang='lat' dir='ltr'>ad</span> <span class='ocrx_word' id='word_1_66' title='bbox 279 1159 366 1204; x_wconf 90' lang='lat' dir='ltr'>mare</span> <span class='ocrx_word' id='word_1_67' title='bbox 388 1139 571 1206; x_wconf 89' lang='lat' dir='ltr'>incolebant</span> <span class='ocrx_word' id='word_1_68' title='bbox 580 1142 614 1222; x_wconf 80' lang='lat'>3).</span> <span class='ocrx_word' id='word_1_69' title='bbox 656 1139 744 1205; x_wconf 92' lang='lat' dir='ltr'>Haec</span> <span class='ocrx_word' id='word_1_70' title='bbox 763 1145 875 1205; x_wconf 88' lang='lat' dir='ltr'>nostra</span> <span class='ocrx_word' id='word_1_71' title='bbox 899 1140 1057 1206; x_wconf 88' lang='lat' dir='ltr'>sententia</span> <span class='ocrx_word' id='word_1_72' title='bbox 1078 1140 1118 1205; x_wconf 92' lang='lat' dir='ltr'>de</span> <span class='ocrx_word' id='word_1_73' title='bbox 1139 1141 1263 1207; x_wconf 89' lang='lat' dir='ltr'>duobus</span> 
     </span>
     <span class='ocr_line' id='line_1_10' title="bbox 100 1244 1264 1332; baseline 0.003 -22"><span class='ocrx_word' id='word_1_74' title='bbox 100 1245 198 1310; x_wconf 76' lang='lat' dir='ltr'>variis</span> <span class='ocrx_word' id='word_1_75' title='bbox 211 1244 360 1323; x_wconf 85' lang='lat' dir='ltr'>fontibus,</span> <span class='ocrx_word' id='word_1_76' title='bbox 381 1267 419 1310; x_wconf 88' lang='lat' dir='ltr'>ex</span> <span class='ocrx_word' id='word_1_77' title='bbox 441 1246 556 1328; x_wconf 89' lang='lat' dir='ltr'>quibus</span> <span class='ocrx_word' id='word_1_78' title='bbox 570 1245 708 1329; x_wconf 87' lang='lat' dir='ltr'>Scylacis</span> <span class='ocrx_word' id='word_1_79' title='bbox 730 1247 842 1312; x_wconf 89' lang='lat' dir='ltr'>horum</span> <span class='ocrx_word' id='word_1_80' title='bbox 864 1248 1004 1312; x_wconf 92' lang='lat' dir='ltr'>locorum</span> <span class='ocrx_word' id='word_1_81' title='bbox 1027 1248 1166 1332; x_wconf 83' lang='lat' dir='ltr'>cognitio</span> <span class='ocrx_word' id='word_1_82' title='bbox 1181 1269 1264 1314; x_wconf 91' lang='lat' dir='ltr'>ema-</span> 
     </span>
     <span class='ocr_line' id='line_1_11' title="bbox 101 1351 1264 1437; baseline 0.005 -22"><span class='ocrx_word' id='word_1_83' title='bbox 101 1351 197 1430; x_wconf 82' lang='lat' dir='ltr'>navit,</span> <span class='ocrx_word' id='word_1_84' title='bbox 220 1351 316 1416; x_wconf 87' lang='lat' dir='ltr'>etiam</span> <span class='ocrx_word' id='word_1_85' title='bbox 332 1351 394 1417; x_wconf 92' lang='lat' dir='ltr'>hoc</span> <span class='ocrx_word' id='word_1_86' title='bbox 408 1351 554 1418; x_wconf 90' lang='lat' dir='ltr'>firmatur</span> <span class='ocrx_word' id='word_1_87' title='bbox 564 1358 760 1437; x_wconf 87' lang='lat' dir='ltr'>argumento,</span> <span class='ocrx_word' id='word_1_88' title='bbox 785 1354 870 1435; x_wconf 92' lang='lat' dir='ltr'>quod</span> <span class='ocrx_word' id='word_1_89' title='bbox 882 1353 1088 1419; x_wconf 85' lang='lat' dir='ltr'>Sauromatae</span> <span class='ocrx_word' id='word_1_90' title='bbox 1101 1354 1143 1419; x_wconf 90' lang='lat' dir='ltr'>ad</span> <span class='ocrx_word' id='word_1_91' title='bbox 1156 1376 1264 1421; x_wconf 89' lang='lat' dir='ltr'>mare</span> 
     </span>
     <span class='ocr_line' id='line_1_12' title="bbox 100 1451 1264 1545; baseline 0.004 -24"><span class='ocrx_word' id='word_1_92' title='bbox 100 1455 152 1538; x_wconf 79' lang='grc' dir='ltr'>(ἐν</span> <span class='ocrx_word' id='word_1_93' title='bbox 165 1459 216 1542; x_wconf 80' lang='grc' dir='ltr'>τῷ</span> <span class='ocrx_word' id='word_1_94' title='bbox 225 1451 371 1542; x_wconf 78' lang='grc' dir='ltr'><strong><em>Πόντῳ),</em></strong></span> <span class='ocrx_word' id='word_1_95' title='bbox 393 1480 455 1542; x_wconf 91' lang='lat' dir='ltr'>quo</span> <span class='ocrx_word' id='word_1_96' title='bbox 466 1459 601 1525; x_wconf 88' lang='lat' dir='ltr'>Maeotis</span> <span class='ocrx_word' id='word_1_97' title='bbox 623 1460 715 1542; x_wconf 89' lang='lat' dir='ltr'>palus</span> <span class='ocrx_word' id='word_1_98' title='bbox 739 1460 1176 1545; x_wconf 58' lang='lat' dir='ltr'>designatumcollocantun</span> <span class='ocrx_word' id='word_1_99' title='bbox 1197 1467 1264 1526; x_wconf 89' lang='lat' dir='ltr'>tum</span> 
     </span>
     <span class='ocr_line' id='line_1_13' title="bbox 99 1563 1263 1650; baseline 0.003 -21"><span class='ocrx_word' id='word_1_100' title='bbox 99 1565 173 1650; x_wconf 86' lang='lat' dir='ltr'>ipsa</span> <span class='ocrx_word' id='word_1_101' title='bbox 198 1563 313 1650; x_wconf 87' lang='lat' dir='ltr'>forma,</span> <span class='ocrx_word' id='word_1_102' title='bbox 341 1585 438 1647; x_wconf 90' lang='lat' dir='ltr'>quam</span> <span class='ocrx_word' id='word_1_103' title='bbox 464 1565 525 1632; x_wconf 91' lang='lat' dir='ltr'>hoc</span> <span class='ocrx_word' id='word_1_104' title='bbox 553 1568 768 1633; x_wconf 89' lang='lat' dir='ltr'>testimonium</span> <span class='ocrx_word' id='word_1_105' title='bbox 794 1566 827 1631; x_wconf 93' lang='lat' dir='ltr'>in</span> <span class='ocrx_word' id='word_1_106' title='bbox 850 1567 941 1633; x_wconf 91' lang='lat' dir='ltr'>libris</span> <span class='ocrx_word' id='word_1_107' title='bbox 966 1567 1096 1632; x_wconf 91' lang='lat' dir='ltr'>allatam</span> <span class='ocrx_word' id='word_1_108' title='bbox 1127 1567 1263 1646; x_wconf 85' lang='lat' dir='ltr'>exhibet,</span> 
     </span>
    </p>

    <p class='ocr_par' dir='ltr' id='par_1_3' title="bbox 44 1672 1264 3152">
     <span class='ocr_line' id='line_1_14' title="bbox 98 1672 1263 1760; baseline 0.003 -23"><span class='ocrx_word' id='word_1_109' title='bbox 98 1672 229 1738; x_wconf 90' lang='lat' dir='ltr'>minime</span> <span class='ocrx_word' id='word_1_110' title='bbox 243 1693 313 1738; x_wconf 93' lang='lat' dir='ltr'>eam</span> <span class='ocrx_word' id='word_1_111' title='bbox 327 1675 485 1760; x_wconf 83' lang='lat' dir='ltr'>coarguit,</span> <span class='ocrx_word' id='word_1_112' title='bbox 503 1675 598 1740; x_wconf 91' lang='lat' dir='ltr'>immo</span> <span class='ocrx_word' id='word_1_113' title='bbox 620 1696 694 1740; x_wconf 86' lang='lat' dir='ltr'>vero</span> <span class='ocrx_word' id='word_1_114' title='bbox 717 1696 814 1759; x_wconf 90' lang='lat' dir='ltr'>quum</span> <span class='ocrx_word' id='word_1_115' title='bbox 835 1676 869 1739; x_wconf 94' lang='lat' dir='ltr'>in</span> <span class='ocrx_word' id='word_1_116' title='bbox 890 1674 981 1740; x_wconf 87' lang='lat' dir='ltr'>codd.</span> <span class='ocrx_word' id='word_1_117' title='bbox 1004 1675 1115 1740; x_wconf 89' lang='lat' dir='ltr'>titulus</span> <span class='ocrx_word' id='word_1_118' title='bbox 1136 1679 1263 1760; x_wconf 77' lang='grc' dir='ltr'><strong><em>Σαυρο·</em></strong></span> 
     </span>
     <span class='ocr_line' id='line_1_15' title="bbox 44 1762 1264 1867; baseline 0.002 -22"><span class='ocrx_word' id='word_1_119' title='bbox 44 1762 47 1769; x_wconf 48' lang='grc'><strong>’</strong></span> <span class='ocrx_word' id='word_1_120' title='bbox 99 1774 199 1867; x_wconf 85' lang='grc' dir='ltr'><strong><em>μάται</em></strong></span> <span class='ocrx_word' id='word_1_121' title='bbox 241 1785 317 1847; x_wconf 87' lang='lat' dir='ltr'>ante</span> <span class='ocrx_word' id='word_1_122' title='bbox 360 1783 458 1849; x_wconf 86' lang='lat' dir='ltr'>verba</span> <span class='ocrx_word' id='word_1_123' title='bbox 489 1783 543 1847; x_wconf 82' lang='grc' dir='ltr'>καὶ</span> <span class='ocrx_word' id='word_1_124' title='bbox 570 1785 708 1867; x_wconf 78' lang='grc' dir='ltr'><strong><em>πρῶτον</em></strong></span> <span class='ocrx_word' id='word_1_125' title='bbox 733 1781 833 1858; x_wconf 74' lang='grc' dir='ltr'><strong><em>ἔθνος</em></strong></span> <span class='ocrx_word' id='word_1_126' title='bbox 860 1785 928 1846; x_wconf 74' lang='grc' dir='ltr'><strong><em>κτλ.</em></strong></span> <span class='ocrx_word' id='word_1_127' title='bbox 961 1783 1084 1865; x_wconf 91' lang='lat' dir='ltr'>positus</span> <span class='ocrx_word' id='word_1_128' title='bbox 1118 1782 1264 1848; x_wconf 88' lang='lat' dir='ltr'>videatur</span> 
     </span>
     <span class='ocr_line' id='line_1_16' title="bbox 101 1888 1264 1974; baseline 0.002 -22"><span class='ocrx_word' id='word_1_129' title='bbox 101 1888 339 1971; x_wconf 86' lang='lat' dir='ltr'>suprascriptus</span> <span class='ocrx_word' id='word_1_130' title='bbox 354 1909 435 1974; x_wconf 89' lang='lat' dir='ltr'>esse,</span> <span class='ocrx_word' id='word_1_131' title='bbox 457 1889 566 1954; x_wconf 89' lang='lat' dir='ltr'>utiam</span> <span class='ocrx_word' id='word_1_132' title='bbox 579 1888 711 1954; x_wconf 85' lang='lat' dir='ltr'>Vossius</span> <span class='ocrx_word' id='word_1_133' title='bbox 733 1890 864 1967; x_wconf 87' lang='lat' dir='ltr'>monuit,</span> <span class='ocrx_word' id='word_1_134' title='bbox 890 1893 922 1953; x_wconf 87' lang='lat' dir='ltr'>et</span> <span class='ocrx_word' id='word_1_135' title='bbox 944 1888 1102 1971; x_wconf 91' lang='lat' dir='ltr'>particula</span> <span class='ocrx_word' id='word_1_136' title='bbox 1123 1889 1177 1952; x_wconf 87' lang='grc' dir='ltr'>καὶ</span> <span class='ocrx_word' id='word_1_137' title='bbox 1197 1910 1264 1954; x_wconf 92' lang='lat' dir='ltr'>ma·</span> 
     </span>
     <span class='ocr_line' id='line_1_17' title="bbox 96 1993 1263 2080; baseline 0.001 -21"><span class='ocrx_word' id='word_1_138' title='bbox 96 1993 183 2060; x_wconf 86' lang='lat' dir='ltr'>xime</span> <span class='ocrx_word' id='word_1_139' title='bbox 205 1993 366 2071; x_wconf 86' lang='lat' dir='ltr'>offendat,</span> <span class='ocrx_word' id='word_1_140' title='bbox 392 1995 475 2060; x_wconf 91' lang='lat' dir='ltr'>hanc</span> <span class='ocrx_word' id='word_1_141' title='bbox 496 1995 634 2080; x_wconf 82' lang='lat' dir='ltr'>Scylacis</span> <span class='ocrx_word' id='word_1_142' title='bbox 656 2001 780 2079; x_wconf 90' lang='lat' dir='ltr'>partem</span> <span class='ocrx_word' id='word_1_143' title='bbox 809 1995 968 2060; x_wconf 86' lang='lat' dir='ltr'>variorum</span> <span class='ocrx_word' id='word_1_144' title='bbox 991 1995 1138 2061; x_wconf 89' lang='lat' dir='ltr'>manibus</span> <span class='ocrx_word' id='word_1_145' title='bbox 1161 1995 1263 2060; x_wconf 88' lang='lat' dir='ltr'>defor-</span> 
     </span>
     <span class='ocr_line' id='line_1_18' title="bbox 96 2102 1262 2186; baseline 0.003 -20"><span class='ocrx_word' id='word_1_146' title='bbox 96 2106 217 2167; x_wconf 88' lang='lat' dir='ltr'>matam</span> <span class='ocrx_word' id='word_1_147' title='bbox 248 2120 317 2167; x_wconf 88' lang='lat' dir='ltr'>esse</span> <span class='ocrx_word' id='word_1_148' title='bbox 347 2123 437 2168; x_wconf 91' lang='lat' dir='ltr'>nemo</span> <span class='ocrx_word' id='word_1_149' title='bbox 464 2103 605 2186; x_wconf 89' lang='lat' dir='ltr'>negabit.</span> <span class='ocrx_word' id='word_1_150' title='bbox 648 2103 740 2180; x_wconf 81' lang='lat' dir='ltr'>Quod</span> <span class='ocrx_word' id='word_1_151' title='bbox 768 2122 842 2168; x_wconf 84' lang='lat' dir='ltr'>vero</span> <span class='ocrx_word' id='word_1_152' title='bbox 863 2102 984 2167; x_wconf 87' lang='lat' dir='ltr'>Pontus</span> <span class='ocrx_word' id='word_1_153' title='bbox 1012 2121 1072 2186; x_wconf 85' lang='lat' dir='ltr'>pro</span> <span class='ocrx_word' id='word_1_154' title='bbox 1101 2102 1262 2169; x_wconf 90' lang='lat' dir='ltr'>Maeotide</span> 
     </span>
     <span class='ocr_line' id='line_1_19' title="bbox 95 2207 1262 2293; baseline 0.001 -20"><span class='ocrx_word' id='word_1_155' title='bbox 95 2208 216 2292; x_wconf 88' lang='lat' dir='ltr'>palude</span> <span class='ocrx_word' id='word_1_156' title='bbox 237 2230 257 2274; x_wconf 94' lang='lat' dir='ltr'>a</span> <span class='ocrx_word' id='word_1_157' title='bbox 277 2207 407 2293; x_wconf 83' lang='lat' dir='ltr'>Scylace</span> <span class='ocrx_word' id='word_1_158' title='bbox 429 2229 530 2292; x_wconf 90' lang='lat' dir='ltr'>aeque</span> <span class='ocrx_word' id='word_1_159' title='bbox 551 2214 649 2292; x_wconf 87' lang='lat' dir='ltr'>atque</span> <span class='ocrx_word' id='word_1_160' title='bbox 671 2210 712 2275; x_wconf 92' lang='lat' dir='ltr'>ab</span> <span class='ocrx_word' id='word_1_161' title='bbox 732 2209 894 2275; x_wconf 88' lang='lat' dir='ltr'>Hecataeo</span> <span class='ocrx_word' id='word_1_162' title='bbox 917 2207 1093 2288; x_wconf 67' lang='lat' dir='ltr'>Milesion,</span> <span class='ocrx_word' id='word_1_163' title='bbox 1123 2208 1179 2291; x_wconf 91' lang='lat' dir='ltr'>qui</span> <span class='ocrx_word' id='word_1_164' title='bbox 1200 2209 1262 2274; x_wconf 83' lang='lat' dir='ltr'>Ixi-</span> 
     </span>
     <span class='ocr_line' id='line_1_20' title="bbox 95 2314 1262 2401; baseline -0.005 -16"><span class='ocrx_word' id='word_1_165' title='bbox 95 2317 192 2385; x_wconf 87' lang='lat' dir='ltr'>batas</span> <span class='ocrx_word' id='word_1_166' title='bbox 214 2323 352 2401; x_wconf 86' lang='lat' dir='ltr'>gentem,</span> <span class='ocrx_word' id='word_1_167' title='bbox 383 2338 464 2400; x_wconf 90' lang='lat' dir='ltr'>quae</span> <span class='ocrx_word' id='word_1_168' title='bbox 495 2317 583 2382; x_wconf 92' lang='lat' dir='ltr'>nulla</span> <span class='ocrx_word' id='word_1_169' title='bbox 605 2321 654 2383; x_wconf 89' lang='lat' dir='ltr'>est</span> <span class='ocrx_word' id='word_1_170' title='bbox 676 2317 740 2382; x_wconf 88' lang='lat' dir='ltr'>alia</span> <span class='ocrx_word' id='word_1_171' title='bbox 768 2322 866 2399; x_wconf 91' lang='lat' dir='ltr'>atque</span> <span class='ocrx_word' id='word_1_172' title='bbox 888 2316 1088 2393; x_wconf 84' lang='lat' dir='ltr'>Iaxamatae,</span> <span class='ocrx_word' id='word_1_173' title='bbox 1118 2314 1160 2380; x_wconf 94' lang='lat' dir='ltr'>ad</span> <span class='ocrx_word' id='word_1_174' title='bbox 1182 2316 1262 2381; x_wconf 92' lang='lat' dir='ltr'>Pon·</span> 
     </span>
     <span class='ocr_line' id='line_1_21' title="bbox 95 2421 1263 2508; baseline -0.001 -19"><span class='ocrx_word' id='word_1_175' title='bbox 95 2429 165 2489; x_wconf 84' lang='lat' dir='ltr'>tum</span> <span class='ocrx_word' id='word_1_176' title='bbox 187 2428 425 2501; x_wconf 90' lang='lat' dir='ltr'>commemorat,</span> <span class='ocrx_word' id='word_1_177' title='bbox 449 2425 646 2508; x_wconf 90' lang='lat' dir='ltr'>nominatur,</span> <span class='ocrx_word' id='word_1_178' title='bbox 674 2445 745 2490; x_wconf 91' lang='lat' dir='ltr'>cum</span> <span class='ocrx_word' id='word_1_179' title='bbox 766 2423 981 2489; x_wconf 86' lang='lat' dir='ltr'>vetustissima</span> <span class='ocrx_word' id='word_1_180' title='bbox 1004 2421 1044 2487; x_wconf 92' lang='lat' dir='ltr'>de</span> <span class='ocrx_word' id='word_1_181' title='bbox 1063 2421 1124 2487; x_wconf 94' lang='lat' dir='ltr'>hac</span> <span class='ocrx_word' id='word_1_182' title='bbox 1145 2422 1263 2505; x_wconf 91' lang='lat' dir='ltr'>palude</span> 
     </span>
     <span class='ocr_line' id='line_1_22' title="bbox 96 2529 1263 2614; baseline 0.001 -19"><span class='ocrx_word' id='word_1_183' title='bbox 96 2530 291 2596; x_wconf 85' lang='lat' dir='ltr'>Graecorum</span> <span class='ocrx_word' id='word_1_184' title='bbox 314 2530 461 2614; x_wconf 91' lang='lat' dir='ltr'>opinione</span> <span class='ocrx_word' id='word_1_185' title='bbox 492 2530 654 2609; x_wconf 88' lang='lat' dir='ltr'>cohaeret,</span> <span class='ocrx_word' id='word_1_186' title='bbox 694 2531 748 2613; x_wconf 89' lang='lat' dir='ltr'>qui</span> <span class='ocrx_word' id='word_1_187' title='bbox 776 2551 871 2614; x_wconf 91' lang='lat' dir='ltr'>quum</span> <span class='ocrx_word' id='word_1_188' title='bbox 899 2550 969 2596; x_wconf 87' lang='lat' dir='ltr'>eam</span> <span class='ocrx_word' id='word_1_189' title='bbox 995 2529 1164 2595; x_wconf 85' lang='lat' dir='ltr'>maximam</span> <span class='ocrx_word' id='word_1_190' title='bbox 1192 2550 1263 2596; x_wconf 89' lang='lat' dir='ltr'>esse</span> 
     </span>
     <span class='ocr_line' id='line_1_23' title="bbox 98 2621 1261 2723; baseline 0.003 -23"><span class='ocrx_word' id='word_1_191' title='bbox 98 2621 301 2720; x_wconf 64' lang='lat' dir='ltr'>dudecano),</span> <span class='ocrx_word' id='word_1_192' title='bbox 321 2630 632 2723; x_wconf 61' lang='lat' dir='ltr'>marisffloitacza,</span> <span class='ocrx_word' id='word_1_193' title='bbox 645 2635 780 2717; x_wconf 79' lang='grc' dir='ltr'>πόντος)</span> <span class='ocrx_word' id='word_1_194' title='bbox 794 2657 907 2702; x_wconf 89' lang='lat' dir='ltr'>nomen</span> <span class='ocrx_word' id='word_1_195' title='bbox 933 2637 1194 2723; x_wconf 68' lang='lat' dir='ltr'>eitribueruntssl,</span> <span class='ocrx_word' id='word_1_196' title='bbox 1215 2643 1261 2703; x_wconf 88' lang='lat' dir='ltr'>at-</span> 
     </span>
     <span class='ocr_line' id='line_1_24' title="bbox 96 2743 1259 2828; baseline 0.004 -21"><span class='ocrx_word' id='word_1_197' title='bbox 96 2763 160 2826; x_wconf 91' lang='lat' dir='ltr'>que</span> <span class='ocrx_word' id='word_1_198' title='bbox 181 2743 268 2825; x_wconf 89' lang='lat' dir='ltr'>quod</span> <span class='ocrx_word' id='word_1_199' title='bbox 290 2764 361 2808; x_wconf 93' lang='lat' dir='ltr'>cum</span> <span class='ocrx_word' id='word_1_200' title='bbox 383 2744 485 2809; x_wconf 90' lang='lat' dir='ltr'>Ponto</span> <span class='ocrx_word' id='word_1_201' title='bbox 516 2746 686 2811; x_wconf 89' lang='lat' dir='ltr'>coniuncta</span> <span class='ocrx_word' id='word_1_202' title='bbox 707 2746 737 2810; x_wconf 88' lang='lat' dir='ltr'>ei</span> <span class='ocrx_word' id='word_1_203' title='bbox 766 2765 882 2828; x_wconf 92' lang='lat' dir='ltr'>aquam</span> <span class='ocrx_word' id='word_1_204' title='bbox 903 2744 1097 2828; x_wconf 84' lang='lat' dir='ltr'>praebebat,</span> <span class='ocrx_word' id='word_1_205' title='bbox 1126 2751 1259 2813; x_wconf 86' lang='lat' dir='ltr'>matrem</span> 
     </span>
     <span class='ocr_line' id='line_1_25' title="bbox 95 2839 1258 2939; baseline 0.006 -26"><span class='ocrx_word' id='word_1_206' title='bbox 95 2849 191 2914; x_wconf 89' lang='lat' dir='ltr'>Ponti</span> <span class='ocrx_word' id='word_1_207' title='bbox 213 2839 416 2934; x_wconf 89' lang='lat' dir='ltr'>appellarunt</span> <span class='ocrx_word' id='word_1_208' title='bbox 425 2852 459 2939; x_wconf 82' lang='lat'>⁷).</span> <span class='ocrx_word' id='word_1_209' title='bbox 506 2851 594 2917; x_wconf 90' lang='lat' dir='ltr'>Haec</span> <span class='ocrx_word' id='word_1_210' title='bbox 622 2872 674 2918; x_wconf 90' lang='lat' dir='ltr'>res</span> <span class='ocrx_word' id='word_1_211' title='bbox 710 2852 837 2919; x_wconf 92' lang='lat' dir='ltr'>abunde</span> <span class='ocrx_word' id='word_1_212' title='bbox 869 2853 974 2931; x_wconf 89' lang='lat' dir='ltr'>dccet,</span> <span class='ocrx_word' id='word_1_213' title='bbox 1012 2853 1258 2936; x_wconf 86' lang='lat' dir='ltr'>appellationem</span> 
     </span>
     <span class='ocr_line' id='line_1_26' title="bbox 94 2953 1259 3045; baseline 0.008 -26"><span class='ocrx_word' id='word_1_214' title='bbox 94 2953 192 3020; x_wconf 87' lang='lat' dir='ltr'>huius</span> <span class='ocrx_word' id='word_1_215' title='bbox 214 2956 358 3039; x_wconf 87' lang='lat' dir='ltr'>paludis,</span> <span class='ocrx_word' id='word_1_216' title='bbox 379 2964 532 3043; x_wconf 90' lang='lat' dir='ltr'>tanquam</span> <span class='ocrx_word' id='word_1_217' title='bbox 555 2980 642 3026; x_wconf 89' lang='lat' dir='ltr'>mare</span> <span class='ocrx_word' id='word_1_218' title='bbox 664 2967 765 3045; x_wconf 85' lang='lat' dir='ltr'>esset,</span> <span class='ocrx_word' id='word_1_219' title='bbox 788 2961 831 3026; x_wconf 89' lang='lat' dir='ltr'>ad</span> <span class='ocrx_word' id='word_1_220' title='bbox 852 2960 1099 3026; x_wconf 84' lang='lat' dir='ltr'>vetustissimam</span> <span class='ocrx_word' id='word_1_221' title='bbox 1123 2962 1259 3028; x_wconf 84' lang='lat' dir='ltr'>Graeco·</span> 
     </span>
     <span class='ocr_line' id='line_1_27' title="bbox 94 3067 1258 3152; baseline 0.007 -26"><span class='ocrx_word' id='word_1_222' title='bbox 94 3082 168 3127; x_wconf 88' lang='lat' dir='ltr'>rum</span> <span class='ocrx_word' id='word_1_223' title='bbox 193 3067 298 3129; x_wconf 89' lang='lat' dir='ltr'>terrae</span> <span class='ocrx_word' id='word_1_224' title='bbox 326 3067 536 3148; x_wconf 87' lang='lat' dir='ltr'>cognitionem</span> <span class='ocrx_word' id='word_1_225' title='bbox 568 3072 727 3152; x_wconf 88' lang='lat' dir='ltr'>spectare,</span> <span class='ocrx_word' id='word_1_226' title='bbox 756 3087 934 3150; x_wconf 90' lang='lat' dir='ltr'>nomenque</span> <span class='ocrx_word' id='word_1_227' title='bbox 962 3067 1067 3150; x_wconf 91' lang='lat' dir='ltr'>ipsum</span> <span class='ocrx_word' id='word_1_228' title='bbox 1088 3067 1258 3134; x_wconf 89' lang='lat' dir='ltr'>Maeotidis</span> 
     </span>
    </p>
   </div>
   <div class='ocr_carea' id='block_1_3' title="bbox 321 3211 404 3218">
    <p class='ocr_par' dir='ltr' id='par_1_4' title="bbox 321 3211 404 3218">
     <span class='ocr_line' id='line_1_28' title="bbox 321 3211 404 3218; baseline 0.024 -2"><span class='ocrx_word' id='word_1_229' title='bbox 321 3211 404 3218; x_wconf 83' lang='lat'>—-—</span> 
     </span>
    </p>
   </div>
   <div class='ocr_carea' id='block_1_4' title="bbox 94 3273 1256 3347">
    <p class='ocr_par' dir='ltr' id='par_1_5' title="bbox 94 3273 1256 3347">
     <span class='ocr_line' id='line_1_29' title="bbox 94 3273 1256 3347; baseline 0.005 -21"><span class='ocrx_word' id='word_1_230' title='bbox 94 3273 139 3326; x_wconf 83' lang='grc'>30.</span> <span class='ocrx_word' id='word_1_231' title='bbox 158 3273 329 3331; x_wconf 85' lang='lat' dir='ltr'>Timosthen.</span> <span class='ocrx_word' id='word_1_232' title='bbox 349 3291 393 3344; x_wconf 87' lang='lat' dir='ltr'>ap.</span> <span class='ocrx_word' id='word_1_233' title='bbox 413 3278 519 3334; x_wconf 87' lang='lat' dir='ltr'>Plin.V</span> <span class='ocrx_word' id='word_1_234' title='bbox 538 3281 563 3346; x_wconf 85' lang='lat'>9,</span> <span class='ocrx_word' id='word_1_235' title='bbox 582 3281 606 3332; x_wconf 83' lang='lat'>9.</span> <span class='ocrx_word' id='word_1_236' title='bbox 624 3280 721 3334; x_wconf 84' lang='lat' dir='ltr'>Hecat.</span> <span class='ocrx_word' id='word_1_237' title='bbox 735 3279 821 3335; x_wconf 86' lang='lat' dir='ltr'>Miles.</span> <span class='ocrx_word' id='word_1_238' title='bbox 840 3277 1120 3347; x_wconf 86' lang='lat' dir='ltr'>qnoqueDandarios</span> <span class='ocrx_word' id='word_1_239' title='bbox 1137 3278 1173 3331; x_wconf 89' lang='lat' dir='ltr'>ad</span> <span class='ocrx_word' id='word_1_240' title='bbox 1184 3280 1256 3334; x_wconf 75' lang='lat' dir='ltr'>(lau-</span> 
     </span>
    </p>
   </div>
   <div class='ocr_carea' id='block_1_5' title="bbox 93 3366 1256 3509">
    <p class='ocr_par' dir='ltr' id='par_1_6' title="bbox 93 3366 1256 3509">
     <span class='ocr_line' id='line_1_30' title="bbox 93 3366 1256 3506; baseline 0.013 -90"><span class='ocrx_word' id='word_1_241' title='bbox 93 3377 190 3506; x_wconf 58' lang='lat' dir='ltr'>imm</span> <span class='ocrx_word' id='word_1_242' title='bbox 208 3366 236 3419; x_wconf 94' lang='lat' dir='ltr'>in</span> <span class='ocrx_word' id='word_1_243' title='bbox 255 3369 369 3435; x_wconf 82' lang='lat' dir='ltr'>Europa</span> <span class='ocrx_word' id='word_1_244' title='bbox 387 3370 515 3439; x_wconf 90' lang='lat' dir='ltr'>collocat,</span> <span class='ocrx_word' id='word_1_245' title='bbox 535 3386 578 3437; x_wconf 86' lang='lat' dir='ltr'>ap.</span> <span class='ocrx_word' id='word_1_246' title='bbox 597 3371 691 3439; x_wconf 86' lang='lat' dir='ltr'>Steph.</span> <span class='ocrx_word' id='word_1_247' title='bbox 710 3372 778 3442; x_wconf 84' lang='lat' dir='ltr'><strong>Byz.</strong></span> <span class='ocrx_word' id='word_1_248' title='bbox 796 3387 818 3426; x_wconf 84' lang='lat' dir='ltr'>s.</span> <span class='ocrx_word' id='word_1_249' title='bbox 835 3387 861 3425; x_wconf 86' lang='lat' dir='ltr'>v.</span> <span class='ocrx_word' id='word_1_250' title='bbox 882 3371 932 3426; x_wconf 85' lang='lat' dir='ltr'>cfr.</span> <span class='ocrx_word' id='word_1_251' title='bbox 951 3372 1043 3427; x_wconf 88' lang='lat' dir='ltr'>Schol.</span> <span class='ocrx_word' id='word_1_252' title='bbox 1063 3373 1099 3427; x_wconf 85' lang='lat' dir='ltr'>ad</span> <span class='ocrx_word' id='word_1_253' title='bbox 1120 3373 1256 3441; x_wconf 84' lang='lat' dir='ltr'>Apellen.</span> 
     </span>
     <span class='ocr_line' id='line_1_31' title="bbox 110 3455 211 3509; baseline 0.01 -1"><span class='ocrx_word' id='word_1_254' title='bbox 110 3455 136 3508; x_wconf 93' lang='lat' dir='ltr'>V</span> <span class='ocrx_word' id='word_1_255' title='bbox 152 3455 211 3509; x_wconf 76' lang='lat'><strong>259.</strong></span> 
     </span>
    </p>
   </div>
   <div class='ocr_carea' id='block_1_6' title="bbox 194 3546 1091 3971">
    <p class='ocr_par' dir='ltr' id='par_1_7' title="bbox 197 3546 952 3796">
     <span class='ocr_line' id='line_1_32' title="bbox 201 3546 840 3619; baseline 0.009 -21"><span class='ocrx_word' id='word_1_256' title='bbox 201 3547 221 3613; x_wconf 84' lang='lat'>¹)</span> <span class='ocrx_word' id='word_1_257' title='bbox 240 3546 350 3599; x_wconf 85' lang='lat' dir='ltr'>Eudox.</span> <span class='ocrx_word' id='word_1_258' title='bbox 374 3562 417 3615; x_wconf 88' lang='lat' dir='ltr'>ap.</span> <span class='ocrx_word' id='word_1_259' title='bbox 436 3547 530 3616; x_wconf 88' lang='lat' dir='ltr'>Steph.</span> <span class='ocrx_word' id='word_1_260' title='bbox 549 3550 616 3619; x_wconf 82' lang='lat' dir='ltr'>Byn.</span> <span class='ocrx_word' id='word_1_261' title='bbox 637 3566 663 3602; x_wconf 92' lang='lat' dir='ltr'>v.</span> <span class='ocrx_word' id='word_1_262' title='bbox 683 3549 840 3617; x_wconf 76' lang='grc' dir='ltr'>Συρμὰται.</span> 
     </span>
     <span class='ocr_line' id='line_1_33' title="bbox 197 3637 952 3706; baseline 0.009 -17"><span class='ocrx_word' id='word_1_263' title='bbox 197 3637 409 3706; x_wconf 45' lang='lat' dir='ltr'>&amp;mmm</span> <span class='ocrx_word' id='word_1_264' title='bbox 949 3644 952 3649; x_wconf 88' lang='lat'>&#39;</span> 
     </span>
     <span class='ocr_line' id='line_1_34' title="bbox 197 3723 418 3796; baseline 0.014 -18"><span class='ocrx_word' id='word_1_265' title='bbox 197 3725 219 3792; x_wconf 81' lang='lat'>⁸)</span> <span class='ocrx_word' id='word_1_266' title='bbox 237 3723 314 3796; x_wconf 84' lang='lat' dir='ltr'>Scyl.</span> <span class='ocrx_word' id='word_1_267' title='bbox 334 3727 358 3796; x_wconf 67' lang='grc' dir='ltr'>ξ.</span> <span class='ocrx_word' id='word_1_268' title='bbox 378 3727 418 3781; x_wconf 87' lang='grc'>70.</span> 
     </span>
    </p>

    <p class='ocr_par' dir='ltr' id='par_1_8' title="bbox 194 3815 1091 3971">
     <span class='ocr_line' id='line_1_35' title="bbox 194 3815 1091 3890; baseline 0.009 -22"><span class='ocrx_word' id='word_1_269' title='bbox 194 3816 218 3879; x_wconf 81' lang='lat'>⁴)</span> <span class='ocrx_word' id='word_1_270' title='bbox 236 3829 280 3883; x_wconf 75' lang='lat' dir='ltr'>an</span> <span class='ocrx_word' id='word_1_271' title='bbox 298 3815 393 3885; x_wconf 86' lang='lat' dir='ltr'>Steph.</span> <span class='ocrx_word' id='word_1_272' title='bbox 413 3818 481 3888; x_wconf 85' lang='lat' dir='ltr'><strong>Byz.</strong></span> <span class='ocrx_word' id='word_1_273' title='bbox 502 3819 551 3874; x_wconf 89' lang='lat' dir='ltr'>cfr.</span> <span class='ocrx_word' id='word_1_274' title='bbox 571 3822 667 3876; x_wconf 89' lang='lat' dir='ltr'>Hecat.</span> <span class='ocrx_word' id='word_1_275' title='bbox 686 3821 768 3890; x_wconf 81' lang='lat' dir='ltr'>frgm.</span> <span class='ocrx_word' id='word_1_276' title='bbox 790 3823 833 3877; x_wconf 87' lang='lat' dir='ltr'>ed.</span> <span class='ocrx_word' id='word_1_277' title='bbox 852 3821 1029 3889; x_wconf 62' lang='lat' dir='ltr'>Klausenjp.</span> <span class='ocrx_word' id='word_1_278' title='bbox 1049 3825 1091 3876; x_wconf 83' lang='grc'>91.</span> 
     </span>
     <span class='ocr_line' id='line_1_36' title="bbox 198 3904 618 3971; baseline 0.014 -12"><span class='ocrx_word' id='word_1_279' title='bbox 198 3904 220 3971; x_wconf 76' lang='lat'>⁵)</span> <span class='ocrx_word' id='word_1_280' title='bbox 238 3907 344 3962; x_wconf 87' lang='lat' dir='ltr'>Herod.</span> <span class='ocrx_word' id='word_1_281' title='bbox 363 3908 411 3965; x_wconf 82' lang='lat' dir='ltr'>lv.</span> <span class='ocrx_word' id='word_1_282' title='bbox 430 3925 453 3963; x_wconf 92' lang='lat' dir='ltr'>c.</span> <span class='ocrx_word' id='word_1_283' title='bbox 472 3911 497 3963; x_wconf 89' lang='lat'>3.</span> <span class='ocrx_word' id='word_1_284' title='bbox 517 3911 556 3964; x_wconf 85' lang='lat'>57.</span> <span class='ocrx_word' id='word_1_285' title='bbox 577 3914 618 3965; x_wconf 85' lang='grc'>86.</span> 
     </span>
    </p>
   </div>
   <div class='ocr_carea' id='block_1_7' title="bbox 73 3995 1256 4246">
    <p class='ocr_par' dir='ltr' id='par_1_9' title="bbox 73 3995 1256 4246">
     <span class='ocr_line' id='line_1_37' title="bbox 195 3995 1256 4074; baseline 0.01 -26"><span class='ocrx_word' id='word_1_286' title='bbox 195 3995 217 4061; x_wconf 75' lang='lat'>⁸)</span> <span class='ocrx_word' id='word_1_287' title='bbox 239 3995 339 4066; x_wconf 79' lang='lat' dir='ltr'>Polyb.</span> <span class='ocrx_word' id='word_1_288' title='bbox 364 3998 403 4050; x_wconf 90' lang='lat' dir='ltr'>IV</span> <span class='ocrx_word' id='word_1_289' title='bbox 432 4001 474 4067; x_wconf 84' lang='lat'>40,</span> <span class='ocrx_word' id='word_1_290' title='bbox 498 4003 527 4053; x_wconf 90' lang='lat'>9:</span> <span class='ocrx_word' id='word_1_291' title='bbox 551 3999 579 4070; x_wconf 82' lang='grc' dir='ltr'>(ἡ</span> <span class='ocrx_word' id='word_1_292' title='bbox 601 4004 737 4064; x_wconf 80' lang='grc' dir='ltr'>Μαιῶτις)</span> <span class='ocrx_word' id='word_1_293' title='bbox 751 3996 780 4068; x_wconf 73' lang='grc' dir='ltr'>ἐξ</span> <span class='ocrx_word' id='word_1_294' title='bbox 802 3998 887 4070; x_wconf 73' lang='grc' dir='ltr'><em>ἀρχῆς</em></span> <span class='ocrx_word' id='word_1_295' title='bbox 908 4001 1035 4056; x_wconf 76' lang='grc' dir='ltr'><em>θάλαττα</em></span> <span class='ocrx_word' id='word_1_296' title='bbox 1065 4002 1183 4073; x_wconf 71' lang='lat' dir='ltr'>adenona</span> <span class='ocrx_word' id='word_1_297' title='bbox 1206 4010 1256 4074; x_wconf 63' lang='lat' dir='ltr'>aa*</span> 
     </span>
     <span class='ocr_line' id='line_1_38' title="bbox 73 4080 1032 4162; baseline 0.015 -28"><span class='ocrx_word' id='word_1_298' title='bbox 73 4080 187 4152; x_wconf 76' lang='grc' dir='ltr'><strong><em>’πόντῳ</em></strong></span> <span class='ocrx_word' id='word_1_299' title='bbox 205 4081 283 4138; x_wconf 80' lang='grc' dir='ltr'>καθὰ</span> <span class='ocrx_word' id='word_1_300' title='bbox 302 4081 331 4138; x_wconf 78' lang='grc' dir='ltr'>οἱ</span> <span class='ocrx_word' id='word_1_301' title='bbox 345 4089 461 4140; x_wconf 74' lang='grc' dir='ltr'><strong><em>παλαιοὶ</em></strong></span> <span class='ocrx_word' id='word_1_302' title='bbox 477 4093 658 4162; x_wconf 68' lang='lat' dir='ltr'>cognoverint,</span> <span class='ocrx_word' id='word_1_303' title='bbox 672 4093 724 4146; x_wconf 78' lang='lat' dir='ltr'>veie</span> <span class='ocrx_word' id='word_1_304' title='bbox 742 4093 797 4146; x_wconf 74' lang='grc' dir='ltr'>ἔστι</span> <span class='ocrx_word' id='word_1_305' title='bbox 814 4094 893 4162; x_wconf 73' lang='grc' dir='ltr'><em>λίμνη</em></span> <span class='ocrx_word' id='word_1_306' title='bbox 914 4096 1032 4162; x_wconf 76' lang='grc' dir='ltr'>γλυκεῖα.</span> 
     </span>
     <span class='ocr_line' id='line_1_39' title="bbox 195 4176 503 4246; baseline 0.01 -15"><span class='ocrx_word' id='word_1_307' title='bbox 195 4179 219 4246; x_wconf 76' lang='lat'>⁷)</span> <span class='ocrx_word' id='word_1_308' title='bbox 236 4176 340 4234; x_wconf 80' lang='lat' dir='ltr'>Heron.</span> <span class='ocrx_word' id='word_1_309' title='bbox 359 4179 398 4235; x_wconf 87' lang='lat' dir='ltr'>1v</span> <span class='ocrx_word' id='word_1_310' title='bbox 419 4195 443 4233; x_wconf 76' lang='grc' dir='ltr'>ο.</span> <span class='ocrx_word' id='word_1_311' title='bbox 462 4181 503 4234; x_wconf 85' lang='lat' dir='ltr'>ee.</span> 
     </span>
    </p>
   </div>
   <div class='ocr_carea' id='block_1_8' title="bbox 0 0 1358 4566">
    <p class='ocr_par' dir='ltr' id='par_1_10' title="bbox 0 0 1358 4566">
     <span class='ocr_line' id='line_1_40' title="bbox 0 0 1358 4566; baseline 0 6"><span class='ocrx_word' id='word_1_312' title='bbox 0 0 1358 4566; x_wconf 95' lang='lat' dir='ltr'> </span> 
     </span>
    </p>
   </div>
  </div>
 </body>
</html>
