2706 4566
120 394 223 454 riores
245 408 352 452 rerum
377 406 453 451 vere
476 393 643 465 gestarum
665 394 816 450 naturam
838 393 1028 456 tribuerunt.
1073 399 1278 460 Amazonum

121 501 229 561 fabula
251 501 285 559 in
308 513 447 558 numero
470 513 580 555 earum
602 496 753 570 ponenda
770 504 830 569 est,
852 517 935 576 quae
954 518 1052 578 quum
1065 520 1102 563 ex
1120 505 1278 580 singulari
1308 483 1315 495 ’

121 608 262 686 quodam
283 606 418 665 deorum
438 602 526 662 cultu
537 603 664 660 initium
677 604 852 678 cepissent,
874 607 925 666 his
938 610 1160 683 potissimum,
1183 612 1278 688 quasi

118 717 242 788 affixae,
266 714 347 774 locis
370 711 580 771 inveniuntur
600 713 698 785 atque
719 711 805 785 apud
825 727 883 772 eos
904 716 1063 790 populos,
1092 718 1147 794 qui
1176 718 1280 784 cultui,
1316 770 1320 776 .

119 823 166 884 illi
188 822 360 899 praecipue
382 817 546 878 favebant.
591 815 695 889 Quam
721 816 763 875 ob
788 833 857 879 rem
878 819 988 881 sabula
1001 823 1056 882 illa
1077 824 1119 882 ad
1135 840 1277 900 cognos-

117 931 254 993 cendam
284 927 551 988 Sauromatarum
580 923 738 997 originem
767 928 799 982 et
820 926 1010 988 affinitatem
1032 947 1105 990 cum
1128 931 1201 990 aliis
1222 947 1279 1006 po-

5 1015 9 1022 ’
115 1038 201 1115 pulis
224 1036 363 1096 multum
384 1032 487 1102 valet,
518 1033 551 1089 et
579 1028 692 1106 quales
722 1027 842 1090 fuerint
864 1035 1102 1111 antiquioribus
1123 1038 1278 1113 tempori-

17 1180 20 1185 ·
115 1143 178 1205 hus
200 1159 314 1204 eorum
336 1152 461 1212 mores,
492 1135 547 1212 qui
570 1134 698 1194 aliunde
725 1137 830 1213 ignoti
858 1142 1004 1202 tenebris
1026 1145 1276 1216 occultarentur,

116 1265 178 1311 nos
201 1250 307 1308 docet.

219 1357 327 1431 Quum
346 1352 414 1411 fere
439 1362 555 1408 omnes
581 1347 766 1423 scriptores,
792 1350 909 1427 quide
932 1354 1154 1416 Amazonibus
1177 1357 1277 1431 scrip·

120 1468 245 1536 serunt,
273 1478 385 1522 earum
409 1457 505 1518 sedes
534 1457 567 1515 in
591 1457 749 1526 Pontum,
778 1457 818 1516 ad
839 1457 1116 1521 Thermodontem
1138 1462 1275 1523 fluvium

117 1571 328 1648 potissimum
353 1563 569 1632 transferant,
600 1560 762 1621 Diodorus
785 1561 927 1635 Siculus,
956 1567 1076 1627 multos
1105 1572 1222 1644 poetas
1243 1571 1277 1627 et

119 1680 295 1754 scriptores
318 1680 465 1741 veteres,
492 1669 561 1747 qui,
587 1673 624 1728 ut
644 1669 822 1744 Dionysius
844 1672 897 1731 ille
924 1675 1144 1749 Mytilenaaus
1162 1677 1196 1734 in
1218 1676 1276 1735 Ar·

118 1783 335 1861 gonanticisll,
359 1796 472 1840 earum
492 1780 712 1851 exposuerant
726 1776 878 1855 fabulam,
900 1779 1068 1857 secutusl)
1087 1785 1275 1843 Amazones

117 1893 151 1951 in
174 1891 277 1968 Libya
290 1889 457 1949 habitasse
480 1883 585 1954 tradit,
609 1898 692 1958 quae
705 1883 806 1943 multa
819 1887 929 1945 secula
941 1895 1017 1949 ante
1033 1889 1154 1950 bellum
1164 1889 1274 1950 Troia·

115 2016 194 2058 num
218 1997 429 2058 interiissent.
472 1991 574 2050 Sedes
594 2005 704 2049 earum
731 1989 772 2049 ad
797 1991 1000 2056 Tritonidem
1031 1998 1136 2058 lacum
1158 1999 1192 2056 in
1213 1999 1275 2056 Ae·

118 2105 267 2180 thiopum
299 2107 332 2161 et
360 2099 502 2160 Atlantis
530 2097 652 2155 montis
680 2098 836 2171 confinio,
864 2100 1023 2178 Dionysio
1050 2103 1105 2163 illo
1134 2106 1277 2172 auctore,

118 2211 158 2272 ab
185 2211 278 2271 initio
300 2209 447 2275 fuerunt,
478 2203 583 2280 unde,
612 2203 756 2265 subactis
780 2207 944 2285 plerisque
967 2209 1172 2284 gentibusil,
1195 2209 1276 2270 duce

118 2320 248 2395 Myrina
278 2315 409 2392 regina,
449 2329 533 2391 quae
567 2327 641 2370 cum
664 2311 748 2385 Oro,
783 2315 878 2375 Isidis
902 2317 983 2384 tilio,
1015 2319 1178 2379 amicitiae
1206 2319 1277 2378 vin·

117 2426 190 2487 culo
213 2426 385 2485 coniuncta
405 2424 485 2490 erat,
507 2419 770 2495 perAegyptum,
791 2424 862 2481 tota
883 2423 951 2483 iere
964 2425 1044 2484 Asia
1063 2426 1188 2485 minore
1201 2426 1278 2485 sub·

119 2535 201 2602 acta,
225 2546 330 2607 usque
353 2530 386 2588 in
412 2525 646 2609 Samothracen
668 2530 935 2603 pervenerunt4)
979 2530 1076 2604 Quod
1098 2533 1214 2592 attinet
1236 2531 1278 2591 ad

117 2639 200 2717 loca,
221 2639 339 2715 quibus
361 2633 469 2694 fabula
494 2633 681 2691 Amazones
704 2641 939 2695 commemorat
961 2642 995 2696 et
1015 2639 1186 2716 rationem,
1215 2654 1279 2716 qua

120 2762 232 2806 earum
248 2746 363 2821 regina
379 2759 453 2803 cum
473 2741 550 2818 Oro,
572 2740 628 2816 qui
651 2744 703 2800 est
722 2741 776 2802 ille
799 2743 951 2816 Hor-hut,
973 2746 1032 2804 Rai
1050 2747 1118 2806 sive
1139 2747 1276 2805 Horma·

118 2851 392 2913 ehu-Hormachis
423 2853 456 2908 et
486 2847 580 2906 isidis
614 2844 755 2921 filiuni),
782 2848 981 2908 Graecorum
1010 2867 1088 2911 vero
1117 2851 1233 2927 Apollo
1242 2851 1277 2927 ⁶),

120 2959 327 3036 consociata,
353 2958 387 3016 in
411 2953 620 3014 Samothrace
644 2953 780 3013 deorum
802 2955 898 3016 Matri
920 2972 993 3017 aras
1014 2958 1168 3029 exstruit,
1197 2959 1276 3018 satis

118 3068 269 3141 apparet,
301 3062 462 3140 originem
491 3061 561 3119 eius
593 3060 749 3120 historiae
777 3076 817 3120 ex
847 3063 935 3121 cultu
964 3064 1121 3144 quodam,
1149 3065 1204 3142 qui
1225 3063 1276 3124 his

119 3172 330 3248 potissimum
357 3170 438 3229 locis
454 3168 595 3227 maxime
619 3167 804 3243 divulgatus
827 3173 906 3238 erat,
928 3185 1113 3232 emanasse.
1156 3170 1277 3244 Regio-

117 3293 179 3338 nes
194 3279 264 3349 has,
278 3294 361 3355 quae
382 3278 467 3334 intra
484 3280 690 3335 Amazonum
709 3277 793 3335 fines
815 3279 917 3355 erant,
940 3277 1057 3346 variae,
1074 3274 1276 3336 Phoenicum

117 3383 243 3446 colonis
272 3384 450 3459 permixtae
477 3384 594 3457 gentes
622 3380 819 3454 incolebant,
840 3397 924 3460 quae
946 3380 1096 3458 quamvis
1118 3378 1279 3440 similibus

223 3612 243 3680 ²)
262 3610 313 3664 cfr.
332 3609 448 3664 Mueller
465 3608 560 3678 Frgm.
579 3608 643 3666 hist.
660 3609 711 3666 Gr.
728 3609 757 3664 11
776 3625 805 3679 p.
825 3610 901 3663 6-8.

222 3701 245 3769 ¹)
266 3700 349 3754 Diod.
370 3700 414 3753 111
431 3714 455 3753 o.
473 3701 515 3753 52.

220 3789 243 3857 ⁸)
263 3790 301 3843 id.
320 3789 377 3844 ibd.
398 3804 421 3842 c.
440 3789 483 3844 ba

219 3879 242 3947 ⁴)
261 3879 291 3932 id
310 3878 367 3933 ibd.
387 3894 410 3932 c.
429 3878 470 3932 55.

221 3967 244 4036 ⁸)
260 3966 316 4022 cfr.
336 3967 488 4037 Brugach.:
508 3968 562 4023 Die
576 3968 652 4038 Saga
669 3983 726 4023 von
745 3969 795 4023 der
812 3967 1000 4038 geduagaltan
1014 3967 1238 4025 Sonnanachclbe
1251 3969 1280 4022 in
1342 3958 1350 3973 '

118 4058 272 4112 Comment.
291 4055 355 4110 Soc.
374 4056 500 4126 Gotting.
519 4058 552 4111 T.
570 4058 640 4113 XIV
657 4075 685 4127 p.
704 4059 763 4116 174.

220 4145 244 4215 ⁶)
260 4145 364 4202 Herod.
383 4146 421 4200 11.
439 4163 463 4202 a.
483 4149 542 4217 144,
560 4163 585 4202 o.
606 4147 664 4203 156.
