2706 4566
581 186 709 246 ,pp
754 219 793 228 .-

108 356 203 417 saeile
221 360 276 418 est
296 355 401 432 diotu,
425 370 532 435 neque
554 364 596 416 an
619 357 753 418 omnino
775 370 833 434 per
860 361 965 420 totum
993 363 1134 422 tractum
1160 377 1269 440 usque

104 467 145 526 ad
175 467 343 529 Oceanum
377 467 595 543 porrigantur.
645 467 755 544 Atque
790 467 877 544 quod
912 469 1094 530 Rhoxolani
1125 470 1268 532 maxime

107 575 376 650 septentrionales
404 561 674 654 (ἄρκτικώτατοι)
708 575 926 654 appellantur,
954 579 1010 654 qui
1043 582 1153 637 tamen
1179 579 1268 639 inter

104 679 231 741 Tanain
254 687 287 742 et
305 683 534 758 Borysthenen
558 683 721 749 incolunt,
750 686 912 760 repugnat
935 683 981 754 ei,
1010 684 1096 761 quod
1114 683 1230 744 Strabo
1241 684 1265 760 1)

104 803 163 849 eos
189 789 271 849 ultra
284 791 524 866 Borysthenen,
547 795 580 852 et
602 791 643 851 ad
663 789 831 870 meridiem
853 790 892 849 ah
913 789 953 849 iis
970 787 1108 866 Scythas
1131 795 1166 851 et
1184 790 1265 853 Sau-

101 900 245 956 romatas
266 896 413 958 habitare
437 897 531 972 dixit,
560 897 646 987 quod
675 913 713 958 ea
742 913 872 975 quoque
898 897 968 958 eius
999 898 1109 974 opinio
1133 899 1262 971 refutat,

103 1014 167 1078 qua
188 1003 338 1078 ignotum
361 1019 436 1064 esse
460 1008 610 1080 apparet,
641 1021 718 1064 num
743 1004 902 1082 quaedam
932 1003 1015 1064 aliae
1039 1008 1155 1082 gentes
1178 1007 1265 1068 ultra

100 1123 158 1170 eos
185 1104 382 1189 habitent.²)
435 1112 526 1172 Haeo
554 1111 749 1188 ambiguitas
776 1112 808 1172 in
838 1110 1031 1172 deliniendis
1055 1112 1264 1175 Rhoxolauo·

99 1232 171 1277 rum
196 1217 328 1278 sedibus
351 1217 448 1293 paulo
467 1219 552 1277 infra
572 1220 677 1295 magis
689 1220 862 1294 perspicua
883 1223 943 1290 aet,
960 1234 1067 1296 neque
1082 1219 1147 1279 uilo
1159 1218 1263 1282 modo

97 1323 228 1383 tolerari
245 1327 364 1399 potest.
411 1324 597 1385 Secundum
620 1325 814 1386 Strabonem
827 1326 984 1386 Roxolani
1005 1330 1118 1387 eduma
1132 1325 1262 1386 Mithri-

99 1430 182 1490 datis
211 1433 384 1508 Eupatoria
416 1433 545 1508 legatos
571 1433 634 1493 sub
665 1434 763 1494 Tasio
788 1433 879 1493 duee
902 1449 1069 1510 pugnasse
1097 1433 1263 1503 dannan,

96 1538 205 1615 itaque
229 1540 361 1600 minime
379 1555 421 1615 po
435 1540 458 1598 li
474 1538 612 1600 ducendi
635 1546 733 1612 sunt,
757 1541 812 1617 qul
834 1540 938 1599 ultimi
960 1539 1155 1616 Scytharum
1176 1539 1262 1598 ultra

98 1647 325 1721 Borysthenen
348 1645 547 1718 habitabant,
571 1663 672 1724 quum
691 1663 798 1725 neque
813 1646 1010 1707 Mithridatis
1032 1647 1261 1724 legaliusque

98 1768 137 1814 eo
159 1759 349 1828 penetrasse
372 1752 579 1813 existimandi
603 1753 678 1819 sint,
703 1758 737 1813 et
752 1753 869 1815 Strabo
891 1753 993 1830 ipsel)
1015 1754 1124 1814 loeum
1147 1768 1259 1814 rerum

96 1860 135 1918 ab
158 1861 199 1920 iis
226 1864 391 1937 gestorum
415 1860 569 1919 distinete
590 1859 732 1935 prodens
753 1862 786 1920 in
809 1862 1032 1923 descrihendis
1052 1875 1182 1940 qnoque
1204 1878 1261 1924 eo·

95 1984 168 2028 rum
193 1969 337 2028 moribus
361 1967 460 2027 sedes
479 1968 520 2026 ad
542 1970 684 2028 Pontum
706 1970 790 2029 inter
809 1971 1038 2047 Borysthenen
1067 1975 1101 2030 et
1118 1969 1259 2035 Maeoti-

98 2074 172 2135 dem
195 2076 347 2151 paludem
369 2075 637 2136 Rhoxolanorum
657 2076 840 2151 oolloeeti).
883 2079 930 2138 Ex
948 2078 1000 2138 his
1024 2080 1175 2154 apparet,
1189 2077 1260 2137 moi

96 2200 171 2242 men
193 2184 457 2244 Rhoxolanorum
480 2183 564 2259 apud
578 2183 776 2244 Strabonem
798 2185 988 2244 nullaoeria
1006 2184 1257 2260 significatione,

95 2306 179 2369 quae
202 2291 243 2350 ad
264 2297 386 2351 certam
412 2295 539 2367 spartea
566 2296 717 2369 gentem,
749 2297 939 2367 usurpatum
968 2306 1061 2365 ease,
1089 2289 1149 2350 aed
1177 2301 1258 2364 geo·

96 2391 249 2474 graphleo
271 2414 372 2459 sensu
394 2399 516 2458 dietum
538 2400 637 2459 variis
661 2399 824 2476 gentibus,
849 2414 931 2477 quae
951 2398 1041 2458 varia
1060 2395 1258 2456 obtinebant

92 2506 182 2579 loca,
210 2509 321 2580 tribui,
351 2525 415 2586 quo
436 2507 636 2584 posteriores
664 2522 744 2569 nero
772 2508 837 2569 iam
868 2506 1052 2568 distinctius
1081 2504 1138 2564 uni
1161 2506 1257 2581 gent»

92 2614 190 2675 astino
212 2615 380 2690 utunturi)

193 2724 308 2802 Neque
330 2724 423 2782 aliter
443 2734 496 2782 res
520 2720 692 2800 sehabet,
728 2720 812 2799 quod
833 2708 875 2780 hd
897 2722 979 2780 haee
1001 2720 1131 2790 attinet,
1165 2729 1255 2794 qmae

93 2828 209 2889 Strabo
237 2830 277 2890 de
300 2830 498 2890 Sauromatis
523 2830 627 2889 affert.
671 2829 844 2898 Bremia,
875 2842 961 2904 quae
992 2826 1079 2901 apud
1102 2836 1176 2884 eum
1207 2818 1256 2883 la·

91 2930 263 3016 guntur⁶):
300 2928 546 3016 (Σαυρομάται)
579 2921 773 3012 νοτιώτεροι
810 2929 895 3004 (τῶν
909 2919 1144 3009 Ῥωξολανῶν)
1183 2925 1256 2989 καὶ

91 3033 128 3101 οἱ
149 3029 232 3122 ὑπὲρ
254 3039 310 3124 τῆς
329 3031 520 3114 Μαιώτιδος
531 3027 747 3122 Σαυρομάται
768 3038 840 3102 κτλ.
863 3042 1018 3118 sequitur,
1043 3034 1255 3100 Sauromatae

91 3167 190 3228 supra
213 3152 410 3212 Maeotidem
432 3153 582 3227 paludem
604 3151 786 3223 habitasee3
809 3148 1062 3224 particularem
1083 3138 1139 3204 aeti
1161 3138 1256 3204 nida·

89 3261 142 3318 tur
165 3257 342 3330 declarare,
371 3258 469 3318 etlam
491 3259 561 3318 aliis
588 3257 687 3328 loeis,
714 3272 753 3315 ae
779 3256 898 3332 quibus
927 3267 1027 3329 supra
1048 3250 1255 3313 Maeoniden

90 3365 301 3444 incoluerint,
323 3364 534 3426 Sauromatas
559 3365 669 3437 suisne.
693 3361 794 3424 Sedes
817 3375 931 3423 eorum
953 3359 1106 3435 Strahol)
1126 3356 1256 3420 -oerniua

192 3584 1212 3654 ¹)11u‚⁷.-¹

189 3676 212 3745 )
230 3676 248 3728 l
268 3690 292 3730 o.
309 3669 379 3741 duee
398 3673 428 3726 oi
443 3675 501 3726 nris
513 3670 689 3739 Possolavdv
706 3672 735 3726 ei
747 3687 818 3734 τινες
835 3667 974 3740 adeonae,
992 3667 1047 3724 aaa
1064 3668 1147 3738 ἴσμεν.
1195 3706 1220 3731 ..,

187 3764 288 3834 ³)ibd.
308 3765 395 3836 §.le

188 3854 288 3922 ⁴)1hd
307 3855 391 3923 §18

189 3943 211 4011 ⁵)
230 3943 320 3999 Tacit.
342 3943 497 3998 bisalis
516 3941 632 3997 Ptolem.
651 3940 738 3995 1110.
758 3940 818 4009 dp.
835 3942 895 3994 200.

187 4031 209 4100 ο)
231 4032 298 4098 ua
317 4033 341 4084 7

187 4121 209 4188 ⁷)
228 4120 300 4188 115,
321 4122 362 4174 30.
