<?xml version="1.0" encoding="UTF-8"?>
<!DOCTYPE html PUBLIC "-//W3C//DTD XHTML 1.0 Transitional//EN"
    "http://www.w3.org/TR/xhtml1/DTD/xhtml1-transitional.dtd">
<html xmlns="http://www.w3.org/1999/xhtml" xml:lang="en" lang="en">
 <head>
  <title>
</title>
<meta http-equiv="Content-Type" content="text/html;charset=utf-8" />
  <meta name='ocr-system' content='tesseract 3.04.00' />
  <meta name='ocr-capabilities' content='ocr_page ocr_carea ocr_par ocr_line ocrx_word'/>
</head>
<body>
  <div class='ocr_page' id='page_1' title='image "./defontibusapudv00kaligoog_0032.png"; bbox 0 0 2706 4566; ppageno 0'>
   <div class='ocr_carea' id='block_1_1' title="bbox 562 227 777 294">
    <p class='ocr_par' dir='ltr' id='par_1_1' title="bbox 562 227 777 294">
     <span class='ocr_line' id='line_1_1' title="bbox 562 227 777 294; baseline -0.009 -18"><span class='ocrx_word' id='word_1_1' title='bbox 562 227 777 294; x_wconf 70' lang='lat'>..23-</span> 
     </span>
    </p>
   </div>
   <div class='ocr_carea' id='block_1_2' title="bbox 90 400 1281 3259">
    <p class='ocr_par' dir='ltr' id='par_1_2' title="bbox 93 400 1252 586">
     <span class='ocr_line' id='line_1_2' title="bbox 93 400 1252 481; baseline 0.001 -15"><span class='ocrx_word' id='word_1_2' title='bbox 93 419 187 477; x_wconf 88' lang='lat' dir='ltr'>mue,</span> <span class='ocrx_word' id='word_1_3' title='bbox 224 406 333 465; x_wconf 87' lang='lat' dir='ltr'>certus</span> <span class='ocrx_word' id='word_1_4' title='bbox 371 400 503 480; x_wconf 87' lang='lat' dir='ltr'>quidam</span> <span class='ocrx_word' id='word_1_5' title='bbox 540 401 621 463; x_wconf 92' lang='lat' dir='ltr'>ordo</span> <span class='ocrx_word' id='word_1_6' title='bbox 662 400 870 480; x_wconf 79' lang='lat' dir='ltr'>observatur,</span> <span class='ocrx_word' id='word_1_7' title='bbox 911 404 1031 466; x_wconf 89' lang='lat' dir='ltr'>certius</span> <span class='ocrx_word' id='word_1_8' title='bbox 1062 403 1182 481; x_wconf 89' lang='lat' dir='ltr'>aliquld</span> <span class='ocrx_word' id='word_1_9' title='bbox 1211 406 1252 467; x_wconf 90' lang='lat' dir='ltr'>de</span> 
     </span>
     <span class='ocr_line' id='line_1_3' title="bbox 96 507 1208 586; baseline -0.003 -14"><span class='ocrx_word' id='word_1_10' title='bbox 96 509 301 573; x_wconf 85' lang='lat' dir='ltr'>Sauromatie</span> <span class='ocrx_word' id='word_1_11' title='bbox 324 523 497 585; x_wconf 89' lang='lat' dir='ltr'>eorumque</span> <span class='ocrx_word' id='word_1_12' title='bbox 519 507 635 568; x_wconf 82' lang='lat' dir='ltr'>vicinis</span> <span class='ocrx_word' id='word_1_13' title='bbox 658 523 699 569; x_wconf 79' lang='lat' dir='ltr'>ex</span> <span class='ocrx_word' id='word_1_14' title='bbox 720 507 782 568; x_wconf 91' lang='lat' dir='ltr'>hoc</span> <span class='ocrx_word' id='word_1_15' title='bbox 806 508 896 569; x_wconf 80' lang='lat' dir='ltr'>fonte</span> <span class='ocrx_word' id='word_1_16' title='bbox 919 511 1068 571; x_wconf 87' lang='lat' dir='ltr'>concludi</span> <span class='ocrx_word' id='word_1_17' title='bbox 1089 514 1208 586; x_wconf 91' lang='lat' dir='ltr'>potest.</span> 
     </span>
    </p>

    <p class='ocr_par' dir='ltr' id='par_1_3' title="bbox 90 614 1281 3259">
     <span class='ocr_line' id='line_1_4' title="bbox 204 614 1254 692; baseline 0.001 -15"><span class='ocrx_word' id='word_1_18' title='bbox 204 618 310 692; x_wconf 79' lang='lat' dir='ltr'>Quum</span> <span class='ocrx_word' id='word_1_19' title='bbox 321 618 534 691; x_wconf 82' lang='lat' dir='ltr'>Argonautae</span> <span class='ocrx_word' id='word_1_20' title='bbox 558 614 680 674; x_wconf 87' lang='lat' dir='ltr'>directo</span> <span class='ocrx_word' id='word_1_21' title='bbox 697 630 796 674; x_wconf 89' lang='lat' dir='ltr'>cursu</span> <span class='ocrx_word' id='word_1_22' title='bbox 817 615 857 674; x_wconf 92' lang='lat' dir='ltr'>ad</span> <span class='ocrx_word' id='word_1_23' title='bbox 869 616 989 677; x_wconf 82' lang='lat' dir='ltr'><strong>Phasin</strong></span> <span class='ocrx_word' id='word_1_24' title='bbox 1005 617 1140 676; x_wconf 84' lang='lat' dir='ltr'>fluvium</span> <span class='ocrx_word' id='word_1_25' title='bbox 1151 614 1254 678; x_wconf 89' lang='lat' dir='ltr'>Asiae</span> 
     </span>
     <span class='ocr_line' id='line_1_5' title="bbox 94 721 1252 800; baseline -0.003 -14"><span class='ocrx_word' id='word_1_26' title='bbox 94 741 196 797; x_wconf 89' lang='lat' dir='ltr'>oram,</span> <span class='ocrx_word' id='word_1_27' title='bbox 218 739 314 800; x_wconf 89' lang='lat' dir='ltr'>quam</span> <span class='ocrx_word' id='word_1_28' title='bbox 336 721 445 782; x_wconf 85' lang='lat' dir='ltr'>variae</span> <span class='ocrx_word' id='word_1_29' title='bbox 465 724 582 798; x_wconf 83' lang='lat' dir='ltr'>gentes</span> <span class='ocrx_word' id='word_1_30' title='bbox 604 721 731 794; x_wconf 89' lang='lat' dir='ltr'>eadem,</span> <span class='ocrx_word' id='word_1_31' title='bbox 755 727 825 782; x_wconf 88' lang='lat' dir='ltr'>uta</span> <span class='ocrx_word' id='word_1_32' title='bbox 849 724 1087 799; x_wconf 85' lang='lat' dir='ltr'>posterioribus</span> <span class='ocrx_word' id='word_1_33' title='bbox 1110 739 1252 784; x_wconf 86' lang='lat' dir='ltr'>comme·</span> 
     </span>
     <span class='ocr_line' id='line_1_6' title="bbox 93 829 1254 907; baseline -0.002 -15"><span class='ocrx_word' id='word_1_34' title='bbox 93 836 270 904; x_wconf 91' lang='lat' dir='ltr'>morantur,</span> <span class='ocrx_word' id='word_1_35' title='bbox 292 830 364 890; x_wconf 82' lang='lat' dir='ltr'>viee</span> <span class='ocrx_word' id='word_1_36' title='bbox 386 829 580 902; x_wconf 85' lang='lat' dir='ltr'>incolebant,</span> <span class='ocrx_word' id='word_1_37' title='bbox 604 830 708 890; x_wconf 91' lang='lat' dir='ltr'>secuti</span> <span class='ocrx_word' id='word_1_38' title='bbox 729 831 960 907; x_wconf 80' lang='lat' dir='ltr'>navigassent,</span> <span class='ocrx_word' id='word_1_39' title='bbox 984 846 1092 891; x_wconf 90' lang='lat' dir='ltr'>errore</span> <span class='ocrx_word' id='word_1_40' title='bbox 1114 833 1254 892; x_wconf 87' lang='lat' dir='ltr'>multum</span> 
     </span>
     <span class='ocr_line' id='line_1_7' title="bbox 93 935 1252 1013; baseline -0.002 -13"><span class='ocrx_word' id='word_1_41' title='bbox 93 946 178 1000; x_wconf 92' lang='lat' dir='ltr'>retro</span> <span class='ocrx_word' id='word_1_42' title='bbox 202 937 242 998; x_wconf 89' lang='lat' dir='ltr'>ad</span> <span class='ocrx_word' id='word_1_43' title='bbox 266 938 522 1012; x_wconf 88' lang='lat' dir='ltr'>septentrionem</span> <span class='ocrx_word' id='word_1_44' title='bbox 544 935 652 1008; x_wconf 90' lang='lat' dir='ltr'>ablati,</span> <span class='ocrx_word' id='word_1_45' title='bbox 674 937 917 1013; x_wconf 82' lang='lat' dir='ltr'>inBosporum,</span> <span class='ocrx_word' id='word_1_46' title='bbox 939 937 1090 998; x_wconf 86' lang='lat' dir='ltr'>videlicet</span> <span class='ocrx_word' id='word_1_47' title='bbox 1113 937 1252 998; x_wconf 82' lang='lat' dir='ltr'>Cimme-</span> 
     </span>
     <span class='ocr_line' id='line_1_8' title="bbox 92 1031 1281 1121; baseline -0.001 -16"><span class='ocrx_word' id='word_1_48' title='bbox 92 1047 178 1106; x_wconf 89' lang='lat' dir='ltr'>rium</span> <span class='ocrx_word' id='word_1_49' title='bbox 199 1049 434 1121; x_wconf 86' lang='lat' dir='ltr'>pervenerunt,</span> <span class='ocrx_word' id='word_1_50' title='bbox 458 1042 552 1115; x_wconf 92' lang='lat' dir='ltr'>unde,</span> <span class='ocrx_word' id='word_1_51' title='bbox 575 1043 691 1103; x_wconf 92' lang='lat' dir='ltr'>itinere</span> <span class='ocrx_word' id='word_1_52' title='bbox 715 1045 811 1104; x_wconf 85' lang='lat' dir='ltr'>unius</span> <span class='ocrx_word' id='word_1_53' title='bbox 835 1045 898 1105; x_wconf 91' lang='lat' dir='ltr'>diei</span> <span class='ocrx_word' id='word_1_54' title='bbox 922 1044 1082 1115; x_wconf 79' lang='lat' dir='ltr'>confecto,</span> <span class='ocrx_word' id='word_1_55' title='bbox 1103 1043 1144 1103; x_wconf 90' lang='lat' dir='ltr'>ad</span> <span class='ocrx_word' id='word_1_56' title='bbox 1166 1046 1254 1104; x_wconf 89' lang='lat' dir='ltr'>Mae·</span> <span class='ocrx_word' id='word_1_57' title='bbox 1279 1031 1281 1035; x_wconf 61' lang='grc'><strong>’</strong></span> 
     </span>
     <span class='ocr_line' id='line_1_9' title="bbox 94 1149 1254 1226; baseline -0.003 -13"><span class='ocrx_word' id='word_1_58' title='bbox 94 1158 167 1213; x_wconf 90' lang='lat' dir='ltr'>otae</span> <span class='ocrx_word' id='word_1_59' title='bbox 188 1156 222 1210; x_wconf 88' lang='lat' dir='ltr'>et</span> <span class='ocrx_word' id='word_1_60' title='bbox 236 1149 436 1210; x_wconf 83' lang='lat' dir='ltr'>Gelonorum</span> <span class='ocrx_word' id='word_1_61' title='bbox 460 1156 594 1226; x_wconf 89' lang='lat' dir='ltr'>gentem</span> <span class='ocrx_word' id='word_1_62' title='bbox 612 1156 645 1210; x_wconf 93' lang='lat' dir='ltr'>et</span> <span class='ocrx_word' id='word_1_63' title='bbox 667 1154 870 1210; x_wconf 87' lang='lat' dir='ltr'>comatorum</span> <span class='ocrx_word' id='word_1_64' title='bbox 893 1166 1083 1212; x_wconf 89' lang='lat' dir='ltr'>numerosae</span> <span class='ocrx_word' id='word_1_65' title='bbox 1103 1150 1254 1209; x_wconf 89' lang='lat' dir='ltr'>nationes</span> 
     </span>
     <span class='ocr_line' id='line_1_10' title="bbox 93 1256 1254 1334; baseline -0.002 -14"><span class='ocrx_word' id='word_1_66' title='bbox 93 1263 128 1320; x_wconf 88' lang='lat' dir='ltr'>et</span> <span class='ocrx_word' id='word_1_67' title='bbox 149 1256 357 1317; x_wconf 88' lang='lat' dir='ltr'>Sauromatae</span> <span class='ocrx_word' id='word_1_68' title='bbox 380 1256 550 1334; x_wconf 82' lang='lat' dir='ltr'>Getasque</span> <span class='ocrx_word' id='word_1_69' title='bbox 580 1257 708 1333; x_wconf 88' lang='lat' dir='ltr'>appulsi</span> <span class='ocrx_word' id='word_1_70' title='bbox 743 1259 862 1332; x_wconf 88' lang='lat' dir='ltr'>sunt.¹)</span> <span class='ocrx_word' id='word_1_71' title='bbox 908 1259 941 1318; x_wconf 83' lang='lat' dir='ltr'>Si</span> <span class='ocrx_word' id='word_1_72' title='bbox 963 1275 1041 1319; x_wconf 88' lang='lat' dir='ltr'>vero</span> <span class='ocrx_word' id='word_1_73' title='bbox 1072 1257 1254 1319; x_wconf 89' lang='lat' dir='ltr'>secundum</span> 
     </span>
     <span class='ocr_line' id='line_1_11' title="bbox 93 1358 1253 1442; baseline 0 -17"><span class='ocrx_word' id='word_1_74' title='bbox 93 1363 296 1425; x_wconf 90' lang='lat' dir='ltr'>Herodotum</span> <span class='ocrx_word' id='word_1_75' title='bbox 308 1358 333 1441; x_wconf 75' lang='lat'>²)</span> <span class='ocrx_word' id='word_1_76' title='bbox 363 1364 459 1423; x_wconf 88' lang='lat' dir='ltr'>unius</span> <span class='ocrx_word' id='word_1_77' title='bbox 478 1364 541 1424; x_wconf 91' lang='lat' dir='ltr'>diei</span> <span class='ocrx_word' id='word_1_78' title='bbox 562 1365 782 1442; x_wconf 88' lang='lat' dir='ltr'>navigationis</span> <span class='ocrx_word' id='word_1_79' title='bbox 813 1368 953 1442; x_wconf 88' lang='lat' dir='ltr'>epatium</span> <span class='ocrx_word' id='word_1_80' title='bbox 978 1365 1105 1425; x_wconf 84' lang='lat' dir='ltr'>circiter</span> <span class='ocrx_word' id='word_1_81' title='bbox 1128 1368 1253 1425; x_wconf 90' lang='lat' dir='ltr'>trecen·</span> 
     </span>
     <span class='ocr_line' id='line_1_12' title="bbox 92 1469 1254 1546; baseline -0.002 -14"><span class='ocrx_word' id='word_1_82' title='bbox 92 1477 200 1532; x_wconf 90' lang='lat' dir='ltr'>torum</span> <span class='ocrx_word' id='word_1_83' title='bbox 224 1470 358 1546; x_wconf 88' lang='lat' dir='ltr'>triginta</span> <span class='ocrx_word' id='word_1_84' title='bbox 382 1469 534 1542; x_wconf 89' lang='lat' dir='ltr'>stadium,</span> <span class='ocrx_word' id='word_1_85' title='bbox 556 1472 664 1533; x_wconf 89' lang='lat' dir='ltr'>minue</span> <span class='ocrx_word' id='word_1_86' title='bbox 687 1478 839 1535; x_wconf 90' lang='lat' dir='ltr'>accurata</span> <span class='ocrx_word' id='word_1_87' title='bbox 858 1473 985 1533; x_wconf 91' lang='lat' dir='ltr'>numeri</span> <span class='ocrx_word' id='word_1_88' title='bbox 1008 1472 1104 1531; x_wconf 87' lang='lat' dir='ltr'>huius</span> <span class='ocrx_word' id='word_1_89' title='bbox 1128 1471 1254 1530; x_wconf 92' lang='lat' dir='ltr'>ratione</span> 
     </span>
     <span class='ocr_line' id='line_1_13' title="bbox 94 1577 1254 1656; baseline 0.001 -20"><span class='ocrx_word' id='word_1_90' title='bbox 94 1578 215 1649; x_wconf 90' lang='lat' dir='ltr'>habita,</span> <span class='ocrx_word' id='word_1_91' title='bbox 236 1577 421 1656; x_wconf 88' lang='lat' dir='ltr'>accipimus,</span> <span class='ocrx_word' id='word_1_92' title='bbox 443 1579 596 1639; x_wconf 88' lang='lat' dir='ltr'>Maeotae</span> <span class='ocrx_word' id='word_1_93' title='bbox 619 1580 652 1639; x_wconf 90' lang='lat' dir='ltr'>in</span> <span class='ocrx_word' id='word_1_94' title='bbox 676 1581 826 1641; x_wconf 87' lang='lat' dir='ltr'>orientali</span> <span class='ocrx_word' id='word_1_95' title='bbox 848 1581 1022 1640; x_wconf 89' lang='lat' dir='ltr'>Maeotidis</span> <span class='ocrx_word' id='word_1_96' title='bbox 1045 1584 1147 1654; x_wconf 90' lang='lat' dir='ltr'>parte,</span> <span class='ocrx_word' id='word_1_97' title='bbox 1170 1593 1254 1654; x_wconf 89' lang='lat' dir='ltr'>quae</span> 
     </span>
     <span class='ocr_line' id='line_1_14' title="bbox 95 1683 1254 1766; baseline -0.002 -21"><span class='ocrx_word' id='word_1_98' title='bbox 95 1685 237 1745; x_wconf 83' lang='lat' dir='ltr'>maxime</span> <span class='ocrx_word' id='word_1_99' title='bbox 256 1683 296 1743; x_wconf 92' lang='lat' dir='ltr'>ad</span> <span class='ocrx_word' id='word_1_100' title='bbox 316 1684 484 1744; x_wconf 89' lang='lat' dir='ltr'>meridiem</span> <span class='ocrx_word' id='word_1_101' title='bbox 508 1686 570 1745; x_wconf 92' lang='lat' dir='ltr'>sita</span> <span class='ocrx_word' id='word_1_102' title='bbox 593 1688 692 1766; x_wconf 88' lang='lat' dir='ltr'>esset,</span> <span class='ocrx_word' id='word_1_103' title='bbox 713 1688 880 1748; x_wconf 86' lang='lat' dir='ltr'>habitasse</span> <span class='ocrx_word' id='word_1_104' title='bbox 899 1687 1034 1763; x_wconf 85' lang='lat' dir='ltr'>putandi</span> <span class='ocrx_word' id='word_1_105' title='bbox 1059 1692 1144 1757; x_wconf 88' lang='lat' dir='ltr'>sunt,</span> <span class='ocrx_word' id='word_1_106' title='bbox 1168 1684 1254 1762; x_wconf 91' lang='lat' dir='ltr'>quod</span> 
     </span>
     <span class='ocr_line' id='line_1_15' title="bbox 93 1788 1254 1871; baseline 0.001 -21"><span class='ocrx_word' id='word_1_107' title='bbox 93 1792 127 1850; x_wconf 92' lang='lat' dir='ltr'>in</span> <span class='ocrx_word' id='word_1_108' title='bbox 151 1788 319 1868; x_wconf 75' lang='lat' dir='ltr'>Scylacem</span> <span class='ocrx_word' id='word_1_109' title='bbox 334 1791 638 1867; x_wconf 81' lang='lat' dir='ltr'>caryandensem³)</span> <span class='ocrx_word' id='word_1_110' title='bbox 662 1794 807 1870; x_wconf 88' lang='lat' dir='ltr'>quadrat,</span> <span class='ocrx_word' id='word_1_111' title='bbox 829 1795 884 1871; x_wconf 91' lang='lat' dir='ltr'>qui</span> <span class='ocrx_word' id='word_1_112' title='bbox 905 1811 924 1853; x_wconf 93' lang='lat' dir='ltr'>a</span> <span class='ocrx_word' id='word_1_113' title='bbox 945 1793 1167 1869; x_wconf 88' lang='lat' dir='ltr'>septentrione</span> <span class='ocrx_word' id='word_1_114' title='bbox 1187 1808 1254 1851; x_wconf 91' lang='lat' dir='ltr'>me·</span> 
     </span>
     <span class='ocr_line' id='line_1_16' title="bbox 95 1896 1255 1975; baseline -0.002 -17"><span class='ocrx_word' id='word_1_115' title='bbox 95 1899 210 1959; x_wconf 89' lang='lat' dir='ltr'>ridiem</span> <span class='ocrx_word' id='word_1_116' title='bbox 234 1913 350 1959; x_wconf 79' lang='lat' dir='ltr'>verene</span> <span class='ocrx_word' id='word_1_117' title='bbox 372 1915 525 1975; x_wconf 88' lang='lat' dir='ltr'>pergens,</span> <span class='ocrx_word' id='word_1_118' title='bbox 544 1899 693 1959; x_wconf 82' lang='lat' dir='ltr'>Maeotae</span> <span class='ocrx_word' id='word_1_119' title='bbox 714 1906 791 1975; x_wconf 93' lang='lat' dir='ltr'>poet</span> <span class='ocrx_word' id='word_1_120' title='bbox 810 1900 1019 1960; x_wconf 89' lang='lat' dir='ltr'>Sauromatas</span> <span class='ocrx_word' id='word_1_121' title='bbox 1043 1905 1076 1959; x_wconf 94' lang='lat' dir='ltr'>et</span> <span class='ocrx_word' id='word_1_122' title='bbox 1097 1903 1173 1958; x_wconf 90' lang='lat' dir='ltr'>ante</span> <span class='ocrx_word' id='word_1_123' title='bbox 1187 1896 1255 1957; x_wconf 88' lang='lat' dir='ltr'>Sin-</span> 
     </span>
     <span class='ocr_line' id='line_1_17' title="bbox 95 1997 1254 2084; baseline -0.006 -15"><span class='ocrx_word' id='word_1_124' title='bbox 95 2009 211 2069; x_wconf 92' lang='lat' dir='ltr'>dorum</span> <span class='ocrx_word' id='word_1_125' title='bbox 233 2012 367 2083; x_wconf 91' lang='lat' dir='ltr'>gentem</span> <span class='ocrx_word' id='word_1_126' title='bbox 389 2012 634 2078; x_wconf 90' lang='lat' dir='ltr'>commemorat,</span> <span class='ocrx_word' id='word_1_127' title='bbox 657 2024 762 2084; x_wconf 88' lang='lat' dir='ltr'>aeque</span> <span class='ocrx_word' id='word_1_128' title='bbox 786 2025 824 2068; x_wconf 90' lang='lat' dir='ltr'>ao</span> <span class='ocrx_word' id='word_1_129' title='bbox 848 2007 1010 2084; x_wconf 86' lang='lat' dir='ltr'>Scymnus</span> <span class='ocrx_word' id='word_1_130' title='bbox 1034 1997 1171 2083; x_wconf 82' lang='lat' dir='ltr'>Chiue⁴)</span> <span class='ocrx_word' id='word_1_131' title='bbox 1195 2018 1254 2063; x_wconf 88' lang='lat' dir='ltr'>eos</span> 
     </span>
     <span class='ocr_line' id='line_1_18' title="bbox 93 2109 1254 2190; baseline -0.004 -15"><span class='ocrx_word' id='word_1_132' title='bbox 93 2116 145 2176; x_wconf 90' lang='lat' dir='ltr'>his</span> <span class='ocrx_word' id='word_1_133' title='bbox 161 2114 243 2175; x_wconf 92' lang='lat' dir='ltr'>locie</span> <span class='ocrx_word' id='word_1_134' title='bbox 257 2114 356 2185; x_wconf 76' lang='lat' dir='ltr'>novit,</span> <span class='ocrx_word' id='word_1_135' title='bbox 376 2113 541 2190; x_wconf 88' lang='lat' dir='ltr'>inquibus</span> <span class='ocrx_word' id='word_1_136' title='bbox 562 2121 596 2174; x_wconf 89' lang='lat' dir='ltr'>et</span> <span class='ocrx_word' id='word_1_137' title='bbox 611 2114 798 2176; x_wconf 91' lang='lat' dir='ltr'>Hellanicus</span> <span class='ocrx_word' id='word_1_138' title='bbox 820 2131 879 2175; x_wconf 93' lang='lat' dir='ltr'>eoe</span> <span class='ocrx_word' id='word_1_139' title='bbox 902 2114 1048 2174; x_wconf 89' lang='lat' dir='ltr'>collocat.</span> <span class='ocrx_word' id='word_1_140' title='bbox 1058 2109 1083 2186; x_wconf 84' lang='lat'>⁶)</span> <span class='ocrx_word' id='word_1_141' title='bbox 1128 2111 1254 2170; x_wconf 89' lang='lat' dir='ltr'>Horum</span> 
     </span>
     <span class='ocr_line' id='line_1_19' title="bbox 95 2216 1254 2298; baseline -0.006 -16"><span class='ocrx_word' id='word_1_142' title='bbox 95 2223 290 2296; x_wconf 88' lang='lat' dir='ltr'>scriptorum</span> <span class='ocrx_word' id='word_1_143' title='bbox 315 2220 529 2295; x_wconf 87' lang='lat' dir='ltr'>argumentis,</span> <span class='ocrx_word' id='word_1_144' title='bbox 554 2221 672 2298; x_wconf 89' lang='lat' dir='ltr'>quibus</span> <span class='ocrx_word' id='word_1_145' title='bbox 684 2223 836 2282; x_wconf 88' lang='lat' dir='ltr'>Maeotae</span> <span class='ocrx_word' id='word_1_146' title='bbox 859 2223 892 2281; x_wconf 92' lang='lat' dir='ltr'>in</span> <span class='ocrx_word' id='word_1_147' title='bbox 915 2219 1064 2280; x_wconf 89' lang='lat' dir='ltr'>orientali</span> <span class='ocrx_word' id='word_1_148' title='bbox 1079 2216 1254 2277; x_wconf 89' lang='lat' dir='ltr'>Maeotidis</span> 
     </span>
     <span class='ocr_line' id='line_1_20' title="bbox 95 2324 1255 2404; baseline -0.006 -15"><span class='ocrx_word' id='word_1_149' title='bbox 95 2345 165 2400; x_wconf 86' lang='lat' dir='ltr'>ora,</span> <span class='ocrx_word' id='word_1_150' title='bbox 186 2343 269 2404; x_wconf 91' lang='lat' dir='ltr'>quae</span> <span class='ocrx_word' id='word_1_151' title='bbox 293 2328 432 2387; x_wconf 85' lang='lat' dir='ltr'>maxime</span> <span class='ocrx_word' id='word_1_152' title='bbox 454 2328 674 2389; x_wconf 90' lang='lat' dir='ltr'>meridionalis</span> <span class='ocrx_word' id='word_1_153' title='bbox 697 2334 757 2400; x_wconf 95' lang='lat' dir='ltr'>eet,</span> <span class='ocrx_word' id='word_1_154' title='bbox 778 2328 984 2400; x_wconf 86' lang='lat' dir='ltr'>collocantur,</span> <span class='ocrx_word' id='word_1_155' title='bbox 1005 2324 1162 2385; x_wconf 91' lang='lat' dir='ltr'>Herodoti</span> <span class='ocrx_word' id='word_1_156' title='bbox 1185 2340 1255 2383; x_wconf 86' lang='lat' dir='ltr'>ver·</span> 
     </span>
     <span class='ocr_line' id='line_1_21' title="bbox 94 2430 1256 2513; baseline -0.005 -19"><span class='ocrx_word' id='word_1_157' title='bbox 94 2435 171 2509; x_wconf 69' lang='lat' dir='ltr'>bal)</span> <span class='ocrx_word' id='word_1_158' title='bbox 195 2435 328 2494; x_wconf 90' lang='lat' dir='ltr'>minime</span> <span class='ocrx_word' id='word_1_159' title='bbox 350 2441 549 2511; x_wconf 86' lang='lat' dir='ltr'>repugnant,</span> <span class='ocrx_word' id='word_1_160' title='bbox 572 2435 658 2513; x_wconf 90' lang='lat' dir='ltr'>quod</span> <span class='ocrx_word' id='word_1_161' title='bbox 682 2438 888 2497; x_wconf 88' lang='lat' dir='ltr'>Maeotarum</span> <span class='ocrx_word' id='word_1_162' title='bbox 911 2450 1031 2495; x_wconf 90' lang='lat' dir='ltr'>nomen</span> <span class='ocrx_word' id='word_1_163' title='bbox 1052 2431 1166 2491; x_wconf 91' lang='lat' dir='ltr'>latiore</span> <span class='ocrx_word' id='word_1_164' title='bbox 1189 2430 1256 2504; x_wconf 88' lang='lat' dir='ltr'>eig-</span> 
     </span>
     <span class='ocr_line' id='line_1_22' title="bbox 93 2537 1254 2621; baseline -0.004 -20"><span class='ocrx_word' id='word_1_165' title='bbox 93 2542 288 2602; x_wconf 87' lang='lat' dir='ltr'>nificatione·</span> <span class='ocrx_word' id='word_1_166' title='bbox 305 2541 339 2600; x_wconf 92' lang='lat' dir='ltr'>in</span> <span class='ocrx_word' id='word_1_167' title='bbox 363 2556 481 2602; x_wconf 90' lang='lat' dir='ltr'>omnes</span> <span class='ocrx_word' id='word_1_168' title='bbox 504 2547 638 2617; x_wconf 87' lang='lat' dir='ltr'>gentes,</span> <span class='ocrx_word' id='word_1_169' title='bbox 670 2561 754 2621; x_wconf 89' lang='lat' dir='ltr'>quae</span> <span class='ocrx_word' id='word_1_170' title='bbox 773 2543 812 2603; x_wconf 89' lang='lat' dir='ltr'>ad</span> <span class='ocrx_word' id='word_1_171' title='bbox 835 2543 1033 2603; x_wconf 91' lang='lat' dir='ltr'>Maeotidem</span> <span class='ocrx_word' id='word_1_172' title='bbox 1053 2537 1254 2607; x_wconf 87' lang='lat' dir='ltr'>accolebant,</span> 
     </span>
     <span class='ocr_line' id='line_1_23' title="bbox 93 2643 1255 2726; baseline -0.007 -17"><span class='ocrx_word' id='word_1_173' title='bbox 93 2650 288 2709; x_wconf 90' lang='lat' dir='ltr'>translatum</span> <span class='ocrx_word' id='word_1_174' title='bbox 318 2654 383 2721; x_wconf 91' lang='lat' dir='ltr'>eet,</span> <span class='ocrx_word' id='word_1_175' title='bbox 420 2655 456 2708; x_wconf 93' lang='lat' dir='ltr'>ut</span> <span class='ocrx_word' id='word_1_176' title='bbox 484 2650 547 2709; x_wconf 90' lang='lat' dir='ltr'>iam</span> <span class='ocrx_word' id='word_1_177' title='bbox 580 2667 620 2710; x_wconf 83' lang='lat' dir='ltr'>ex</span> <span class='ocrx_word' id='word_1_178' title='bbox 650 2667 689 2710; x_wconf 94' lang='lat' dir='ltr'>eo</span> <span class='ocrx_word' id='word_1_179' title='bbox 719 2656 869 2726; x_wconf 85' lang='lat' dir='ltr'>apparet,</span> <span class='ocrx_word' id='word_1_180' title='bbox 901 2648 987 2726; x_wconf 92' lang='lat' dir='ltr'>quod</span> <span class='ocrx_word' id='word_1_181' title='bbox 1019 2645 1109 2705; x_wconf 78' lang='lat' dir='ltr'>fiuvii</span> <span class='ocrx_word' id='word_1_182' title='bbox 1137 2643 1255 2720; x_wconf 83' lang='lat' dir='ltr'>Lycus,</span> 
     </span>
     <span class='ocr_line' id='line_1_24' title="bbox 97 2751 1255 2834; baseline -0.004 -22"><span class='ocrx_word' id='word_1_183' title='bbox 97 2752 213 2826; x_wconf 88' lang='lat' dir='ltr'>Oarus,</span> <span class='ocrx_word' id='word_1_184' title='bbox 234 2755 365 2827; x_wconf 82' lang='lat' dir='ltr'>Tanais,</span> <span class='ocrx_word' id='word_1_185' title='bbox 386 2754 510 2832; x_wconf 84' lang='lat' dir='ltr'>Syrgis,</span> <span class='ocrx_word' id='word_1_186' title='bbox 534 2773 731 2834; x_wconf 91' lang='lat' dir='ltr'>quamquam</span> <span class='ocrx_word' id='word_1_187' title='bbox 753 2758 786 2816; x_wconf 92' lang='lat' dir='ltr'>in</span> <span class='ocrx_word' id='word_1_188' title='bbox 807 2756 905 2816; x_wconf 79' lang='lat' dir='ltr'>variis</span> <span class='ocrx_word' id='word_1_189' title='bbox 927 2751 1123 2829; x_wconf 88' lang='lat' dir='ltr'>regionibus,</span> <span class='ocrx_word' id='word_1_190' title='bbox 1144 2752 1255 2808; x_wconf 90' lang='lat' dir='ltr'>tamen</span> 
     </span>
     <span class='ocr_line' id='line_1_25' title="bbox 92 2857 1256 2938; baseline -0.007 -17"><span class='ocrx_word' id='word_1_191' title='bbox 92 2878 152 2938; x_wconf 86' lang='lat' dir='ltr'>per</span> <span class='ocrx_word' id='word_1_192' title='bbox 174 2863 378 2922; x_wconf 89' lang='lat' dir='ltr'>Maeotarum</span> <span class='ocrx_word' id='word_1_193' title='bbox 402 2867 531 2935; x_wconf 88' lang='lat' dir='ltr'>terram,</span> <span class='ocrx_word' id='word_1_194' title='bbox 556 2863 671 2923; x_wconf 91' lang='lat' dir='ltr'>eodem</span> <span class='ocrx_word' id='word_1_195' title='bbox 695 2867 844 2934; x_wconf 89' lang='lat' dir='ltr'>auctore,</span> <span class='ocrx_word' id='word_1_196' title='bbox 866 2863 900 2921; x_wconf 92' lang='lat' dir='ltr'>in</span> <span class='ocrx_word' id='word_1_197' title='bbox 924 2860 1076 2936; x_wconf 87' lang='lat' dir='ltr'>paludem</span> <span class='ocrx_word' id='word_1_198' title='bbox 1100 2857 1184 2915; x_wconf 90' lang='lat' dir='ltr'>hanc</span> <span class='ocrx_word' id='word_1_199' title='bbox 1208 2857 1256 2914; x_wconf 91' lang='lat' dir='ltr'>ln·</span> 
     </span>
     <span class='ocr_line' id='line_1_26' title="bbox 93 2968 1255 3046; baseline -0.005 -20"><span class='ocrx_word' id='word_1_200' title='bbox 93 2969 215 3041; x_wconf 87' lang='lat' dir='ltr'>linunt,</span> <span class='ocrx_word' id='word_1_201' title='bbox 244 2973 341 3045; x_wconf 87' lang='lat' dir='ltr'>atque</span> <span class='ocrx_word' id='word_1_202' title='bbox 370 2970 403 3028; x_wconf 92' lang='lat' dir='ltr'>in</span> <span class='ocrx_word' id='word_1_203' title='bbox 428 2969 560 3045; x_wconf 84' lang='lat' dir='ltr'>Scymni</span> <span class='ocrx_word' id='word_1_204' title='bbox 583 2970 693 3045; x_wconf 71' lang='lat' dir='ltr'>Chill)</span> <span class='ocrx_word' id='word_1_205' title='bbox 719 2968 901 3041; x_wconf 77' lang='lat' dir='ltr'>rationem,</span> <span class='ocrx_word' id='word_1_206' title='bbox 920 2985 984 3046; x_wconf 92' lang='lat' dir='ltr'>qua</span> <span class='ocrx_word' id='word_1_207' title='bbox 1013 2971 1149 3042; x_wconf 88' lang='lat' dir='ltr'>gentes,</span> <span class='ocrx_word' id='word_1_208' title='bbox 1171 2977 1255 3041; x_wconf 90' lang='lat' dir='ltr'>quae</span> 
     </span>
     <span class='ocr_line' id='line_1_27' title="bbox 95 3069 1254 3153; baseline -0.008 -19"><span class='ocrx_word' id='word_1_209' title='bbox 95 3074 136 3134; x_wconf 91' lang='lat' dir='ltr'>ad</span> <span class='ocrx_word' id='word_1_210' title='bbox 159 3075 392 3135; x_wconf 86' lang='lat' dir='ltr'>occidentalem</span> <span class='ocrx_word' id='word_1_211' title='bbox 416 3092 505 3136; x_wconf 90' lang='lat' dir='ltr'>oram</span> <span class='ocrx_word' id='word_1_212' title='bbox 529 3077 677 3137; x_wconf 90' lang='lat' dir='ltr'>eiusdem</span> <span class='ocrx_word' id='word_1_213' title='bbox 705 3077 833 3153; x_wconf 92' lang='lat' dir='ltr'>paludis</span> <span class='ocrx_word' id='word_1_214' title='bbox 862 3076 1068 3147; x_wconf 85' lang='lat' dir='ltr'>habitabant,</span> <span class='ocrx_word' id='word_1_215' title='bbox 1095 3069 1254 3132; x_wconf 90' lang='lat' dir='ltr'>vocabulo</span> 
     </span>
     <span class='ocr_line' id='line_1_28' title="bbox 90 3171 906 3259; baseline 0.005 -19"><span class='ocrx_word' id='word_1_216' title='bbox 90 3174 261 3259; x_wconf 77' lang='grc' dir='ltr'><strong><em>Λιμναὶων</em></strong></span> <span class='ocrx_word' id='word_1_217' title='bbox 283 3171 383 3253; x_wconf 72' lang='grc' dir='ltr'><em>ἔθνος</em></span> <span class='ocrx_word' id='word_1_218' title='bbox 406 3184 609 3259; x_wconf 85' lang='lat' dir='ltr'>significatae</span> <span class='ocrx_word' id='word_1_219' title='bbox 635 3189 720 3254; x_wconf 87' lang='lat' dir='ltr'>eunt,</span> <span class='ocrx_word' id='word_1_220' title='bbox 743 3186 906 3246; x_wconf 79' lang='lat' dir='ltr'>convenit.</span> 
     </span>
    </p>
   </div>
   <div class='ocr_carea' id='block_1_3' title="bbox 194 3450 1254 3879">
    <p class='ocr_par' dir='ltr' id='par_1_4' title="bbox 194 3450 1254 3879">
     <span class='ocr_line' id='line_1_29' title="bbox 197 3450 661 3522; baseline 0.009 -17"><span class='ocrx_word' id='word_1_221' title='bbox 197 3452 217 3519; x_wconf 85' lang='lat'>¹)</span> <span class='ocrx_word' id='word_1_222' title='bbox 237 3451 340 3518; x_wconf 88' lang='lat' dir='ltr'>Orphei</span> <span class='ocrx_word' id='word_1_223' title='bbox 359 3450 468 3520; x_wconf 88' lang='lat' dir='ltr'>Argon.</span> <span class='ocrx_word' id='word_1_224' title='bbox 487 3469 514 3506; x_wconf 83' lang='lat' dir='ltr'>v.</span> <span class='ocrx_word' id='word_1_225' title='bbox 535 3455 603 3508; x_wconf 82' lang='lat'>1057</span> <span class='ocrx_word' id='word_1_226' title='bbox 620 3470 661 3522; x_wconf 88' lang='lat' dir='ltr'>eq.</span> 
     </span>
     <span class='ocr_line' id='line_1_30' title="bbox 194 3542 379 3609; baseline 0.005 -15"><span class='ocrx_word' id='word_1_227' title='bbox 194 3542 217 3609; x_wconf 83' lang='lat'>¹)</span> <span class='ocrx_word' id='word_1_228' title='bbox 237 3542 274 3594; x_wconf 82' lang='lat' dir='ltr'>ll‘</span> <span class='ocrx_word' id='word_1_229' title='bbox 296 3559 319 3595; x_wconf 88' lang='lat' dir='ltr'>o.</span> <span class='ocrx_word' id='word_1_230' title='bbox 338 3545 379 3595; x_wconf 87' lang='lat'>86.</span> 
     </span>
     <span class='ocr_line' id='line_1_31' title="bbox 196 3632 620 3702; baseline 0.005 -17"><span class='ocrx_word' id='word_1_231' title='bbox 196 3633 218 3699; x_wconf 83' lang='lat'>⁸)</span> <span class='ocrx_word' id='word_1_232' title='bbox 237 3632 340 3698; x_wconf 87' lang='lat' dir='ltr'>Peripl.</span> <span class='ocrx_word' id='word_1_233' title='bbox 359 3633 383 3701; x_wconf 68' lang='grc' dir='ltr'>ξ.</span> <span class='ocrx_word' id='word_1_234' title='bbox 409 3634 451 3686; x_wconf 87' lang='lat'>71.</span> <span class='ocrx_word' id='word_1_235' title='bbox 473 3633 620 3702; x_wconf 84' lang='lat' dir='ltr'>(Mueller.)</span> 
     </span>
     <span class='ocr_line' id='line_1_32' title="bbox 196 3722 630 3792; baseline -0.002 -16"><span class='ocrx_word' id='word_1_236' title='bbox 196 3723 219 3790; x_wconf 82' lang='lat'>⁴)</span> <span class='ocrx_word' id='word_1_237' title='bbox 236 3722 337 3789; x_wconf 88' lang='lat' dir='ltr'>Peripl.</span> <span class='ocrx_word' id='word_1_238' title='bbox 357 3738 384 3775; x_wconf 79' lang='lat' dir='ltr'>v,</span> <span class='ocrx_word' id='word_1_239' title='bbox 404 3724 462 3776; x_wconf 88' lang='lat'>878.</span> <span class='ocrx_word' id='word_1_240' title='bbox 484 3723 630 3792; x_wconf 85' lang='lat' dir='ltr'>(Mueller.)</span> 
     </span>
     <span class='ocr_line' id='line_1_33' title="bbox 196 3798 1254 3879; baseline -0.013 -15"><span class='ocrx_word' id='word_1_241' title='bbox 196 3812 217 3879; x_wconf 77' lang='lat'>⁸)</span> <span class='ocrx_word' id='word_1_242' title='bbox 237 3811 364 3865; x_wconf 84' lang='lat' dir='ltr'>Hellanic</span> <span class='ocrx_word' id='word_1_243' title='bbox 383 3826 427 3879; x_wconf 83' lang='lat' dir='ltr'>ap.</span> <span class='ocrx_word' id='word_1_244' title='bbox 447 3812 539 3866; x_wconf 86' lang='lat' dir='ltr'>Sohol.</span> <span class='ocrx_word' id='word_1_245' title='bbox 559 3813 594 3865; x_wconf 89' lang='lat' dir='ltr'>ad</span> <span class='ocrx_word' id='word_1_246' title='bbox 604 3809 741 3878; x_wconf 86' lang='lat' dir='ltr'>Apollon.</span> <span class='ocrx_word' id='word_1_247' title='bbox 758 3809 797 3862; x_wconf 93' lang='lat' dir='ltr'>IV</span> <span class='ocrx_word' id='word_1_248' title='bbox 814 3809 876 3861; x_wconf 77' lang='lat'>322:</span> <span class='ocrx_word' id='word_1_249' title='bbox 896 3803 1040 3872; x_wconf 75' lang='grc' dir='ltr'><strong><em>Βόσπορον</em></strong></span> <span class='ocrx_word' id='word_1_250' title='bbox 1059 3799 1089 3856; x_wconf 75' lang='lat' dir='ltr'>sl</span> <span class='ocrx_word' id='word_1_251' title='bbox 1106 3798 1254 3854; x_wconf 76' lang='grc' dir='ltr'><strong><em>πλεύσαντι</em></strong></span> 
     </span>
    </p>
   </div>
   <div class='ocr_carea' id='block_1_4' title="bbox 91 3891 1285 4243">
    <p class='ocr_par' dir='ltr' id='par_1_5' title="bbox 91 3891 1285 4243">
     <span class='ocr_line' id='line_1_34' title="bbox 91 3891 1285 3972; baseline -0.009 -18"><span class='ocrx_word' id='word_1_252' title='bbox 91 3900 165 3972; x_wconf 87' lang='lat' dir='ltr'>(cod.</span> <span class='ocrx_word' id='word_1_253' title='bbox 188 3902 251 3956; x_wconf 84' lang='lat' dir='ltr'>Par.</span> <span class='ocrx_word' id='word_1_254' title='bbox 269 3901 475 3970; x_wconf 65' lang='lat' dir='ltr'>decertationem)</span> <span class='ocrx_word' id='word_1_255' title='bbox 494 3904 603 3956; x_wconf 78' lang='grc' dir='ltr'><em>Σίνδοι·</em></span> <span class='ocrx_word' id='word_1_256' title='bbox 621 3899 680 3956; x_wconf 75' lang='grc' dir='ltr'>ἄνω</span> <span class='ocrx_word' id='word_1_257' title='bbox 702 3900 732 3954; x_wconf 73' lang='grc' dir='ltr'>δὲ</span> <span class='ocrx_word' id='word_1_258' title='bbox 752 3895 858 3951; x_wconf 78' lang='grc' dir='ltr'><strong><em>τούτων</em></strong></span> <span class='ocrx_word' id='word_1_259' title='bbox 877 3896 1025 3950; x_wconf 75' lang='grc' dir='ltr'><strong><em>Μαλιῶται</em></strong></span> <span class='ocrx_word' id='word_1_260' title='bbox 1048 3891 1177 3956; x_wconf 75' lang='grc' dir='ltr'><strong><em>Σκύθαι,</em></strong></span> <span class='ocrx_word' id='word_1_261' title='bbox 1202 3904 1254 3959; x_wconf 85' lang='lat' dir='ltr'>pro</span> <span class='ocrx_word' id='word_1_262' title='bbox 1282 3892 1285 3897; x_wconf 82' lang='grc'><strong>’</strong></span> 
     </span>
     <span class='ocr_line' id='line_1_35' title="bbox 91 3987 1065 4063; baseline -0.008 -17"><span class='ocrx_word' id='word_1_263' title='bbox 91 4007 149 4060; x_wconf 90' lang='lat' dir='ltr'>qno</span> <span class='ocrx_word' id='word_1_264' title='bbox 166 3993 308 4063; x_wconf 75' lang='grc' dir='ltr'><strong><em>Μαιῶται,</em></strong></span> <span class='ocrx_word' id='word_1_265' title='bbox 326 3997 357 4046; x_wconf 94' lang='lat' dir='ltr'>ut</span> <span class='ocrx_word' id='word_1_266' title='bbox 376 3994 404 4046; x_wconf 94' lang='lat' dir='ltr'>in</span> <span class='ocrx_word' id='word_1_267' title='bbox 424 3994 486 4048; x_wconf 89' lang='lat' dir='ltr'>cod.</span> <span class='ocrx_word' id='word_1_268' title='bbox 505 3995 567 4048; x_wconf 89' lang='lat' dir='ltr'>Par.</span> <span class='ocrx_word' id='word_1_269' title='bbox 587 3994 720 4061; x_wconf 86' lang='lat' dir='ltr'>seriptum</span> <span class='ocrx_word' id='word_1_270' title='bbox 739 3995 790 4060; x_wconf 89' lang='lat' dir='ltr'>eet,</span> <span class='ocrx_word' id='word_1_271' title='bbox 808 3987 864 4056; x_wconf 87' lang='lat' dir='ltr'>legi</span> <span class='ocrx_word' id='word_1_272' title='bbox 883 4000 996 4042; x_wconf 84' lang='lat' dir='ltr'>neeesse</span> <span class='ocrx_word' id='word_1_273' title='bbox 1012 3989 1065 4040; x_wconf 90' lang='lat' dir='ltr'>eet.</span> 
     </span>
     <span class='ocr_line' id='line_1_36' title="bbox 198 4082 400 4151; baseline 0 -16"><span class='ocrx_word' id='word_1_274' title='bbox 198 4083 220 4151; x_wconf 79' lang='lat'>⁶)</span> <span class='ocrx_word' id='word_1_275' title='bbox 240 4082 278 4137; x_wconf 85' lang='lat' dir='ltr'>IV</span> <span class='ocrx_word' id='word_1_276' title='bbox 299 4098 322 4136; x_wconf 88' lang='lat' dir='ltr'>c.</span> <span class='ocrx_word' id='word_1_277' title='bbox 342 4084 400 4136; x_wconf 77' lang='lat'>123.</span> 
     </span>
     <span class='ocr_line' id='line_1_37' title="bbox 195 4173 463 4243; baseline -0.011 -14"><span class='ocrx_word' id='word_1_278' title='bbox 195 4173 219 4242; x_wconf 75' lang='lat'>⁷)</span> <span class='ocrx_word' id='word_1_279' title='bbox 237 4173 338 4243; x_wconf 81' lang='lat' dir='ltr'>Peripl.</span> <span class='ocrx_word' id='word_1_280' title='bbox 359 4188 386 4226; x_wconf 88' lang='lat' dir='ltr'>v.</span> <span class='ocrx_word' id='word_1_281' title='bbox 404 4173 463 4226; x_wconf 79' lang='lat' dir='ltr'>sto.</span> 
     </span>
    </p>
   </div>
   <div class='ocr_carea' id='block_1_5' title="bbox 0 0 1358 4566">
    <p class='ocr_par' dir='ltr' id='par_1_6' title="bbox 0 0 1358 4566">
     <span class='ocr_line' id='line_1_38' title="bbox 0 0 1358 4566; baseline 0 0"><span class='ocrx_word' id='word_1_282' title='bbox 0 0 1358 4566; x_wconf 95' lang='lat' dir='ltr'> </span> 
     </span>
    </p>
   </div>
  </div>
 </body>
</html>
