2706 4566
566 175 777 249 -te.-

93 351 165 413 elue
185 350 313 423 formis,
346 367 429 430 quae
454 351 616 412 vanarum
640 355 765 413 tantum
789 352 1001 414 dialectorum
1023 351 1153 430 propria
1174 355 1253 414 sunt

93 474 214 534 genera
238 458 381 532 dicendi,
402 475 525 520 nomen
546 461 609 520 hoc
626 446 801 540 Σωρμᾰται
822 460 924 521 fuisse
946 460 1098 536 primum,
1120 459 1252 520 eviden-

92 566 219 626 tissime
239 566 355 627 elucet.
395 567 487 642 Quae
505 583 558 626 res
590 584 707 644 quum,
738 565 902 644 quomodo
924 565 1007 627 duae
1035 565 1097 626 hae
1126 565 1253 627 formae

90 659 306 753 Σαυρομάται
325 679 359 734 st
381 661 555 755 Σαρμάται
582 676 747 735 extiterint
782 679 815 734 et
841 689 923 751 quas
945 673 985 732 iis
1010 673 1126 734 Graeci
1146 674 1253 734 conie-

91 783 195 841 cerint
217 783 473 858 significationes
497 785 619 859 optime
643 783 799 850 declarat,
820 786 890 841 tum
912 784 1028 840 natura
1045 797 1177 859 quoque
1193 795 1254 842 sua

91 887 132 946 ad
158 889 317 964 originem
339 892 410 950 eius
430 891 538 967 gentis
561 889 787 949 deducendam
810 889 987 965 plurimum
1012 887 1109 949 valet.

192 989 261 1055 Iam
294 997 327 1055 in
351 998 555 1057 Amazonum
582 995 691 1056 fabula
721 995 911 1055 affinitatem
946 994 1109 1072 quandam
1134 993 1254 1055 Sauro-

90 1102 188 1162 matis
209 1103 320 1163 inesse
343 1121 419 1182 eum
435 1106 533 1164 Asiae
557 1104 709 1179 gentibus
732 1103 892 1175 vidimus,
914 1104 968 1179 qui
995 1103 1255 1177 septentrionem

90 1223 207 1268 versus
229 1225 288 1284 per
309 1194 399 1284 loca,
422 1227 505 1287 quae
523 1211 670 1272 Caucaso
693 1212 796 1270 monti
819 1211 983 1289 adiacent,
1004 1214 1181 1284 pergentes
1203 1209 1254 1267 iti-

90 1316 178 1374 neris
201 1312 252 1375 sui
271 1317 409 1392 vestigia
431 1319 464 1376 in
487 1319 585 1378 variis
608 1319 809 1394 reliquerunt
820 1318 1019 1395 nominibus,
1034 1319 1070 1375 ut
1096 1308 1199 1373 Yavol
1222 1317 1256 1374 et

90 1419 199 1481 Suani.
245 1423 334 1483 Haec
363 1425 498 1484 nomina
529 1440 629 1501 quum
653 1425 761 1483 variae
785 1429 912 1484 tantum
935 1425 1003 1483 sint
1020 1422 1144 1503 formae
1168 1423 1254 1481 eius·

91 1527 166 1587 dem
187 1527 428 1603 appellationis,
451 1547 616 1591 summum
640 1531 718 1591 dant
741 1530 837 1590 nobis
865 1530 1105 1599 testimonium,
1135 1530 1254 1605 gentes

92 1631 357 1694 Sauromatarum
387 1638 439 1696 vel
464 1636 687 1698 Sarmatarum
719 1639 851 1698 nomine
873 1638 1130 1717 comprehensas
1154 1637 1254 1697 variis

91 1742 294 1818 temporibus
320 1743 409 1802 varia
440 1746 512 1804 lona
535 1745 575 1804 ad
599 1746 781 1806 Caucasum
805 1741 951 1806 montem
976 1744 1037 1803 sita
1056 1744 1253 1804 obtinuisse.

90 1849 324 1926 Migrationem
351 1850 439 1910 illam
463 1850 728 1913 Sauromatarum
755 1855 820 1913 iam
848 1855 882 1913 in
906 1853 1110 1912 Amazonum
1142 1849 1255 1910 fabula

91 1970 279 2031 expressam
302 1971 377 2018 esse
402 1958 528 2033 evidet,
564 1960 651 2037 quod
688 1977 789 2036 quum
811 1960 844 2018 in
871 1976 978 2019 rerum
1002 1962 1152 2017 naturam
1176 1974 1254 2018 oon·

92 2064 376 2141 suetudinemque,
400 2068 505 2142 qualis
528 2067 682 2143 gentibus
704 2069 787 2128 haec
808 2068 880 2127 loca
901 2054 1120 2126 incolentibus
1144 2064 1253 2137 fuerit,

92 2172 260 2243 convenit,
283 2177 354 2247 tum
379 2174 477 2232 etiam
501 2175 572 2233 aliis
591 2174 806 2245 testimoniis,
827 2189 910 2251 quae
935 2188 1082 2232 summae
1105 2172 1255 2232 veritatis

93 2277 236 2351 speeiem
259 2278 433 2352 praebent,
457 2282 696 2356 comprobatur.

194 2383 300 2461 Atque
323 2388 509 2461 gravissimi
532 2388 690 2449 momenti
711 2393 776 2457 est,
797 2387 884 2464 quod
906 2386 1003 2446 nobis
1026 2384 1189 2446 Diodorus
1215 2384 1257 2444 de

95 2490 356 2551 Sauromatarum
376 2493 501 2570 origine
521 2501 555 2555 et
573 2496 688 2562 modo,
713 2511 778 2572 quo
801 2495 834 2553 in
858 2493 938 2553 haee
951 2492 1159 2568 pervenerint
1172 2490 1257 2570 loca,

94 2598 149 2656 ubi
174 2613 232 2657 eos
256 2601 436 2675 posteriore
461 2606 610 2678 tempore
633 2604 835 2671 invenimus,
865 2601 971 2662 tradit.
1010 2599 1048 2658 In
1071 2599 1154 2659 libro
1179 2599 1206 2659 ll
1231 2615 1259 2660 o.

95 2704 136 2766 43
159 2705 249 2766 dicit:
273 2705 467 2783 Scytharum
488 2727 601 2786 reges,
625 2711 681 2788 qui
704 2708 762 2768 toti
784 2710 851 2768 fere
876 2708 974 2768 Asiae
1001 2707 1259 2786 dominarentur,

97 2812 216 2871 multas
236 2822 352 2888 gentes
365 2812 567 2891 *inieolonias
591 2817 783 2886 deduxisse,
805 2831 940 2892 quarum
963 2815 1136 2874 notissima
1156 2814 1260 2891 Assy·

97 2917 232 2990 riorum,
256 2921 288 2979 in
311 2925 431 2982 terram
454 2925 539 2982 inter
549 2924 804 3000 Paphlagoniam
820 2927 853 2981 et
862 2923 1002 2981 Pontum
1027 2921 1123 2981 sitam
1144 2921 1259 2990 missa,

96 3032 129 3085 et
152 3027 272 3105 altera,
307 3045 391 3105 quae
418 3046 459 3089 ex
478 3031 588 3091 Media
615 3031 656 3090 ad
674 3030 797 3089 Tanain
827 3028 966 3088 deducta
991 3025 1259 3087 Sauromatarum

94 3151 217 3194 nomen
251 3138 431 3211 acceperit,
461 3137 589 3197 inerint.
640 3138 731 3197 Haec
753 3136 885 3195 Diodori
917 3137 1032 3193 notitia
1057 3149 1259 3211 quamquam

95 3243 300 3303 coniecturae
323 3244 433 3317 specie
456 3261 522 3304 non
545 3249 648 3316 earet,
678 3252 787 3303 tamen
806 3243 940 3301 minime
972 3238 1111 3300 dubitari
1132 3242 1257 3317 potest,

95 3342 1257 3437 wmmwmmmmmmmmwmfflmfflwmms

96 3458 260 3517 Diodorus
283 3461 455 3518 maximam
473 3462 598 3534 partem
616 3459 757 3519 Ctesiam
771 3457 939 3534 Ouidium,
960 3461 996 3514 ut
1018 3456 1090 3528 ipse
1110 3449 1258 3527 prodit,¹)

97 3573 232 3627 secutus
255 3575 316 3643 est,
338 3572 466 3639 praeter
488 3582 585 3642 quem
601 3565 804 3627 Herodotum
829 3577 960 3640 quoque
980 3560 1111 3635 saepius
1133 3559 1213 3617 citat
1223 3557 1260 3633 ²),

97 3648 130 3747 et
153 3675 236 3733 alios
260 3690 373 3731 rerum
398 3675 645 3749 Assyriacarum
678 3679 712 3734 et
733 3670 908 3733 Alexandri
933 3670 1045 3744 Magni
1077 3669 1259 3742 scriptores

99 3775 1259 3856 emmmbexwmmmmnmmmmmdwmmmemm·

202 3919 1144 4013 bffimssawmotufflcstcfflamaffi

197 4035 578 4103 bssaffiafflaffi

198 4126 350 4194 bssaz
