2706 4566
568 236 783 297 ..45-

94 405 413 490 Agathyrsorumque
436 407 546 487 gentes
569 400 757 485 Scytharum
780 402 1011 485 propinquitati
1032 401 1253 486 abnegandam

90 531 163 578 esse
187 513 297 576 elucet.

197 619 302 700 Atque
324 615 408 699 quod
423 614 577 698 Soymnus
600 617 711 697 gentes
734 633 831 697 supra
851 612 953 678 dictas
975 620 1050 680 ante
1063 612 1254 679 Maeotidem

93 731 125 790 et
148 723 281 807 Tanain,
304 741 379 806 ergo
399 722 433 785 in
455 720 585 804 Europa
607 720 755 796 collocat,
784 720 932 784 omnibus.
950 722 1150 797 testimoniis,
1172 740 1254 802 qnae

94 831 356 914 perlustravimus
393 832 567 911 repugnat,
601 846 703 907 neque
740 826 802 891 alio
837 827 930 892 modo
959 828 1111 912 explicari
1140 831 1255 910 potest,

95 959 191 1021 quam
214 936 298 1018 quod
319 934 441 1018 Ephori
462 940 567 998 aetate
589 932 650 997 hae
681 937 792 1015 gentes
822 934 886 998 iam
908 933 1030 999 Tanain
1052 937 1255 1012 transierant,

92 1049 128 1109 ut
151 1043 296 1126 Scylax1)
312 1061 436 1122 quoque
457 1040 620 1124 Syrmatas
638 1037 681 1102 ad
702 1039 828 1104 Tanain
849 1038 979 1105 fluvium
1001 1042 1173 1107 collocavit.
1204 1044 1256 1123 At,

94 1157 129 1216 ut
150 1170 247 1232 supra
266 1149 450 1225 monuimus,
466 1145 605 1229 Scylacie
627 1145 741 1210 notitia
763 1148 950 1227 posterioris
972 1149 1103 1233 originis
1128 1158 1185 1226 est,
1209 1157 1256 1213 at·

95 1277 157 1340 que
179 1255 276 1321 verba
296 1255 432 1339 Ephori,
463 1255 518 1335 qui
547 1254 616 1334 ipse
638 1272 674 1316 se
695 1251 831 1329 refutat,
865 1255 997 1320 tolerari
1025 1277 1088 1320 non
1115 1264 1258 1339 possunt.

94 1363 177 1430 Nam
200 1371 327 1448 gentes,
360 1383 441 1445 quae
461 1367 551 1426 trans
573 1360 769 1442 Panticapen
799 1359 1007 1444 habitabant,
1037 1363 1259 1428 Limnaeorum

93 1474 221 1538 nomine
243 1473 405 1536 collective
419 1469 567 1553 Ephorus
584 1469 670 1543 dicit,
694 1474 821 1550 praeter
845 1489 923 1549 quas
946 1470 1029 1534 aliae
1051 1471 1158 1552 plures
1173 1470 1260 1535 haud

92 1585 191 1644 notae
205 1579 348 1662 singulae
362 1576 550 1657 nominibuS,
572 1573 765 1639 Nomadicae
784 1575 974 1657 appellatae,
997 1576 1165 1661 degebant,
1186 1599 1259 1660 qua·

92 1708 165 1752 rum
192 1687 366 1770 appellatio
395 1684 523 1749 minime
550 1683 583 1747 iu
610 1681 789 1763 opinionem
812 1682 894 1759 eius,
924 1705 1019 1766 quam
1036 1685 1077 1751 de
1093 1690 1260 1752 Sauroma-

95 1796 156 1869 tis,
191 1792 319 1857 Gelonis
342 1790 593 1875 Agathyrsisque
620 1788 749 1871 habuit,
779 1790 896 1872 quippe
917 1792 972 1873 qui
994 1812 1047 1858 eos
1071 1793 1261 1858 clarissimos

98 1920 170 1966 esse
183 1899 395 1977 tradiderim),
413 1896 558 1980 quadrat.
603 1895 694 1960 Haec
714 1894 930 1979 discerpantia
951 1904 1048 1981 atque
1070 1900 1154 1983 quod
1176 1900 1262 1983 Eph-

98 2028 174 2073 orus
200 2005 412 2089 Agathyrsos,
441 2023 520 2086 quos
544 2001 728 2066 Herodotus
739 2005 764 2083 3)
787 2002 858 2066 aliis
881 2007 1204 2072 commemorationis
1226 2029 1265 2073 ac

98 2114 215 2198 quibus
240 2112 447 2176 Sauromatae
470 2109 646 2194 Gelonique
669 2107 843 2192 degebant,
872 2132 936 2176 una
963 2133 1034 2177 cum
1054 2114 1094 2180 iis
1118 2115 1209 2198 quasi
1229 2116 1264 2178 in

98 2243 208 2288 eorum
236 2221 371 2286 confinio
397 2217 505 2295 affert,
537 2217 692 2281 inducunt
720 2236 779 2281 nos
809 2218 842 2281 in
869 2220 1065 2306 opinionem,
1097 2223 1264 2306 Soymnum

100 2330 317 2393 testimonium
332 2326 453 2410 Ephori
478 2326 542 2388 sive
568 2344 632 2388 non
653 2325 857 2403 intellexisse,
881 2328 946 2393 sive
969 2349 1040 2394 oum
1061 2330 1195 2395 aliorum
1217 2349 1265 2393 re-

99 2435 177 2500 latis
200 2435 355 2501 turbasse.
401 2433 536 2498 Causam
559 2433 626 2496 eius
655 2432 772 2496 erroris
795 2431 942 2515 Ephorus
963 2435 1032 2518 ipse
1055 2436 1189 2520 Scymno
1212 2436 1266 2500 de-

102 2544 160 2608 dit.
205 2541 307 2618 Quum
335 2541 418 2606 enim
448 2538 596 2621 Ephorus
625 2537 773 2622 Europae
806 2538 1052 2625 descriptionem
1079 2541 1266 2626 Scytharum

100 2648 250 2732 gentibus
273 2649 305 2710 in
329 2645 391 2710 fine
412 2644 486 2710 libri
507 2644 628 2728 quarti,
653 2645 707 2728 qui
729 2644 859 2728 Europa
882 2646 1053 2731 inscriptus
1081 2653 1166 2731 erat,
1195 2667 1266 2729 per-

102 2758 251 2821 tractatis
273 2754 478 2830 absolvisset,
501 2751 630 2817 transiit
655 2750 698 2816 ad
717 2750 813 2816 aliam
840 2757 944 2818 terrae
965 2760 1099 2836 partem,
1119 2753 1267 2819 videlicet

102 2864 227 2939 Asiam,
249 2861 346 2927 Sacas
369 2860 556 2944 Scytharum
580 2864 706 2942 gentem
733 2866 869 2943 secutus,
898 2867 935 2925 ut
957 2882 995 2926 ex
1017 2861 1173 2928 Strabone
1184 2869 1207 2938 2)
1234 2866 1268 2926 et

105 2968 238 3035 Nicolao
261 2969 466 3046 Damascene,
488 2966 609 3050 Ephori
631 2968 767 3051 assecla,
796 2969 898 3034 elucet
908 2977 940 3049 5).
985 2969 1057 3036 dam
1078 2991 1118 3034 ex
1139 2969 1201 3035 hac
1222 2988 1266 3046 re,

104 3077 192 3160 quod
214 3076 361 3161 Ephorus
379 3077 413 3141 in
435 3074 584 3140 extremis
605 3074 747 3139 terminis
771 3074 919 3158 Europae
938 3077 1072 3161 Scythas
1093 3068 1267 3159 collocavit,

104 3190 257 3267 apparet,
293 3181 427 3267 Scythas
452 3180 595 3244 ultimam
618 3186 744 3264 gentem
763 3182 798 3245 'in
821 3182 968 3265 Europae
991 3189 1023 3248 et
1044 3184 1139 3248 Asiae
1159 3181 1268 3246 limine

103 3291 148 3356 ab
163 3310 200 3355 co
213 3289 358 3356 habitam
376 3307 454 3365 esse,
478 3293 575 3371 atque
599 3307 695 3373 quum
717 3288 859 3354 moribus
881 3310 902 3354 a
924 3289 1119 3355 Sauromatis
1141 3289 1268 3354 omnino

106 3395 282 3477 differrent,
304 3396 389 3461 nullo
411 3394 505 3460 modo
526 3415 596 3460 cnm
619 3394 659 3460 iis
682 3396 827 3461 confusos
842 3417 920 3462 esse.
947 3397 1020 3462 Huc
1030 3396 1162 3472 accedit,
1182 3395 1269 3479 quod

103 3505 255 3590 Ephorus
276 3506 412 3586 Scymno
435 3507 596 3582 auctorat)
618 3502 653 3567 in
673 3503 821 3570 orientali
842 3509 934 3586 parte
952 3503 1122 3572 Maeotidis
1140 3501 1268 3588 paludis

208 3734 351 3804 ¹)Peripl.
370 3735 456 3804 666

209 3823 362 3893 ²)Scymn.
379 3823 467 3880 Ohv
469 3827 553 3879 6.62.

209 3913 267 3982 ³)S
270 3915 342 3968 t.rab
362 3915 455 3982 11,13
473 3932 498 3983 6.
518 3916 568 3971 ost.
587 3917 675 3971 Marx.
693 3916 794 3985 fragm.
816 3914 932 3983 Ephori.
950 3932 977 3984 p
996 3917 1054 3969 139.

211 4003 233 4070 ⁴)
252 4000 342 4056 Strab.
363 4003 386 4055 1.
410 4018 432 4056 c.

210 4091 233 4158 ⁵)
252 4091 340 4145 Nicol.
360 4092 487 4145 Damaso
506 4091 590 4160 frgm.
606 4108 632 4160 p
654 4094 711 4148 142.
729 4091 846 4162 (Orelli.)

211 4179 234 4245 ⁰)
254 4179 317 4235 Orb.
336 4180 457 4250 deaerpt.
476 4197 503 4236 v.
521 4184 581 4239 881.
