2706 4566
584 223 799 289 ..pp-

114 395 211 459 sedes
236 395 298 458 suh
321 396 427 458 Uralis
450 396 571 459 montis
592 396 757 459 radicibus
782 399 967 461 collocaturi
990 402 1270 472 essentHerodo·

110 506 180 565 tum
202 502 291 565 varie
313 503 415 564 relata
436 502 588 564 turbasse
609 508 803 580 coarguunt.
841 507 954 584 Neque
977 508 1113 584 intelligi
1129 514 1184 569 aut
1202 526 1270 571 om-

109 609 187 672 nino
217 625 328 671 rerum
362 613 496 670 naturae
524 611 697 670 convenire
723 616 845 687 potest,
875 613 1036 687 Budinos,
1071 616 1112 674 ob
1142 617 1268 692 pericu·

107 716 175 778 lum
197 716 416 794 timoremque
438 717 619 790 Persarum,
647 717 699 777 his
720 717 950 779 remotissimis
970 719 1051 780 locis
1073 719 1269 795 Scytharum

109 824 295 886 auxiliarios
307 824 410 885 factos
421 839 506 896 esee,
522 839 622 901 quum
633 823 884 897 Melanchlaeni‚
901 826 1002 886 Neuri
1013 827 1267 907 Agathyrsique,

106 947 306 1011 quamquam
327 931 506 1009 propiores,
529 931 683 991 auxilium
714 930 946 1007 abnegassent.
992 931 1026 993 Si
1048 950 1126 995 vero
1149 934 1268 996 Sauro·

104 1020 210 1100 matas
232 1039 341 1100 inore
363 1037 405 1100 ad
425 1036 626 1099 Maeotidem
648 1036 800 1112 paludem
821 1037 989 1099 habitasse
1011 1056 1116 1116 eoque
1131 1041 1266 1103 Darium

102 1147 306 1223 processisse
322 1163 380 1224 pro
392 1149 482 1207 certo
493 1145 689 1230 'accipimus
710 1145 766 1222 qui
779 1162 880 1223 quum
895 1147 934 1205 ad
950 1146 1134 1208 Danubium
1158 1166 1266 1210 rever·

102 1252 215 1332 tisset,
237 1257 369 1330 tempus
388 1251 586 1329 expeditioni
609 1251 780 1311 delinitum
803 1252 869 1312 iam
891 1253 1118 1328 praeterierat,
1149 1260 1185 1314 ut
1204 1255 1266 1332 igi·

101 1363 155 1421 tur
176 1359 341 1437 expeditio
363 1359 446 1420 haec
466 1374 533 1419 non
556 1357 641 1432 intra
658 1357 713 1416 LX
735 1361 863 1417 tantum
886 1357 1009 1418 dierum
1034 1359 1183 1435 spatium,
1206 1363 1265 1423 sed

100 1467 203 1528 multo
225 1467 342 1546 maius,
359 1467 451 1527 finita
474 1465 527 1542 sit,
547 1464 705 1524 Herodoti
725 1464 912 1537 narrationi,
934 1468 969 1523 ut
993 1467 1180 1528 summatim
1200 1473 1266 1529 tra-

81 1559 195 1649 ditae,
216 1573 315 1634 fidem
337 1573 479 1635 tribuere
502 1587 564 1632 nos
586 1573 727 1646 oportet.

121 1693 125 1697 ·
200 1678 312 1759 Atque
351 1678 453 1758 quod,
472 1677 662 1739 Herodotus
699 1676 898 1738 Maeotidem
936 1678 1103 1753 paludem·
1126 1678 1264 1758 Scythas

98 1785 209 1862 regios
233 1803 252 1847 a
273 1786 474 1849 sauromatis
504 1784 648 1848 dividere
677 1784 799 1856 statuit,
811 1783 836 1856 1)
865 1785 986 1844 hocin
1017 1789 1154 1847 formam
1185 1803 1263 1864 qua·

48 1894 49 1898 ’
98 1889 237 1969 dratam,
260 1910 357 1973 quam
382 1893 539 1971 Scythiae,
562 1891 769 1967 tribuerat,²)
803 1891 923 1967 optime
952 1894 1114 1955 convenit.
1160 1895 1288 1958 Mani.

96 1997 218 2061 festum
240 2002 330 2062 enim
356 2003 423 2074 est,
449 1999 653 2061 Herodotum
685 1999 719 2058 iu
751 1997 973 2059 describendis
995 1998 1262 2062 determinandis-

96 2124 160 2187 que
183 2108 316 2170 sedibus
339 2108 545 2193 singularum¹
562 2108 727 2185 gentium,
757 2107 797 2169 de
820 2107 938 2186 qulbus
961 2108 1001 2168 ab
1025 2111 1262 2172 mercatoribus

95 2214 198 2276 relata
227 2218 413 2292 acceperat,
451 2219 577 2275 certum
615 2214 778 2293 quendam
814 2219 848 2275 et
882 2214 1078 2291 dispositum
1115 2218 1261 2278 ordinem

96 2326 245 2385 secutum
274 2338 366 2397 esse,
401 2323 436 2383 in
465 2338 563 2401 quem
591 2321 632 2382 iis
660 2327 817 2399 tanquam
852 2322 892 2382 ad
921 2325 1079 2384 amussim
1110 2323 1261 2395 redactis,

95 2428 239 2490 tabulam
270 2430 543 2507 geographioam,
585 2437 682 2507 quam
711 2429 783 2505 ipse
817 2430 1023 2505 perspicuam
1053 2432 1150 2506 atque
1182 2430 1259 2488 sim-

94 2539 310 2617 plicissimum
337 2540 371 2600 ln
398 2537 549 2610 modum,
570 2541 607 2598 ut
629 2536 701 2598 eius
725 2551 808 2596 aevo
831 2535 994 2606 conuenit,
1018 2514 1258 2610 composuerat,

93 2646 191 2710 nobis
214 2647 347 2709 evolvit.
399 2643 552 2722 Scythiae
581 2643 718 2704 formam
750 2641 941 2720 quadratam
972 2657 1047 2703 csse
1068 2641 1257 2703 Herodotus

94 2749 223 2832 dictat)
250 2755 344 2815 cuius
373 2755 487 2829 utpote
523 2751 668 2829 aequalis
698 2749 952 2828 unumquodque
985 2749 1071 2810 latus
1105 2752 1257 2828 quattuor

93 2859 195 2921 millia
217 2860 397 2921 stadiorum
416 2858 565 2936 patebat3
596 2857 675 2918 illud
698 2857 905 2936 quadratum,
929 2857 1134 2932 Borysthene
1156 2857 1255 2916 fluvio

92 2981 153 3043 pro
170 2966 257 3028 linea
279 2965 388 3027 medis
410 2967 565 3044 accepto,
594 2964 629 3024 in
651 2964 733 3024 duas
761 2964 879 3025 iterum
909 2961 1019 3022 divisit
1044 2965 1156 3039 partes
1185 2963 1254 3025 sive

91 3073 412 3152 parallelogramma,
442 3072 581 3150 quaein
603 3071 841 3148 longitudinem
860 3069 949 3129 mille
978 3068 1101 3146 stadia,
1130 3070 1164 3130 in
1186 3070 1255 3129 lati-

92 3179 239 3241 tudinem
257 3195 336 3241 rero
359 3177 421 3238 duo
443 3178 544 3239 millia
556 3181 706 3254 porrecta
724 3180 833 3247 erant;
850 3176 1164 3253 parallelogrammis
1175 3191 1253 3236 vero

91 3287 268 3363 tripartitis,
288 3290 391 3347 totam
406 3284 560 3362 Scythiae
575 3289 695 3347 terram
718 3286 753 3346 in
776 3301 835 3346 sex
855 3288 965 3361 partes
987 3283 1151 3356 dissecuit,
1176 3299 1253 3361 qua·

90 3407 164 3453 rum
186 3385 449 3470 unamquamque
472 3408 539 3452 una
561 3407 644 3468 gons
667 3390 831 3470 Scythica,
851 3392 885 3450 in
909 3405 1038 3451 summa
1060 3394 1128 3450 tres
1150 3405 1170 3448 a
1190 3390 1253 3450 Bo·

90 3498 247 3575 rysthene
267 3497 470 3559 occidentem
494 3514 628 3571 versus,
658 3498 804 3576 itemque
826 3501 895 3557 tres
917 3496 958 3556 ad
982 3495 1142 3556 orientem
1162 3476 1254 3556 inco·

89 3603 208 3666 lebant.
260 3604 363 3666 simili
394 3604 490 3666 modo
525 3605 662 3666 aliorum
691 3604 900 3681 populorum,
930 3591 985 3680 qti'i
1016 3596 1106 3662 trans
1129 3591 1252 3689 ifanain

91 3711 250 3773 orientem
271 3727 389 3775 versus
410 3711 619 3785 habitabant,
642 3712 902 3773 distributionem
925 3699 1015 3785 iecit,
1047 3724 1110 3784 qua
1137 3708 1173 3771 ‘sn
1194 3722 1253 3768 sex

91 3817 251 3894 dispertiti
272 3820 441 3894 portiones
466 3817 603 3894 singulis
625 3818 805 3889 ordinibus,
836 3831 1009 3893 quousque
1025 3823 1115 3909 certa
1135 3831 1253 3876 sorum

194 3982 377 4054 Owen

194 4070 398 4142 offam.

192 4159 428 4228 bwmna
