2706 4566
564 201 774 258 ..34...

95 373 180 438 unde
205 392 274 438 rem
296 369 448 452 declarat,
471 365 698 448 Hippocratem
721 363 978 433 Sauromatarum
1001 374 1127 453 gentem
1149 367 1256 453 aScy·

93 479 157 544 this
182 477 410 543 alienissimam
433 493 503 539 esse
523 473 557 536 in
578 477 684 535 mente
705 469 869 554 habuisse,
892 480 989 557 atque
1010 475 1256 560 appellationem

92 586 175 652 hano
202 587 478 659 Sauromatarum,
508 580 601 663 quasi
622 599 699 662 gene
720 579 868 663 Scythica
891 589 989 665 esset,
1017 571 1140 648 laxiore
1159 582 1254 667 signi-

92 693 241 758 ficatione
263 696 295 756 et
315 687 530 774 geographico
559 705 654 750 sensu
675 684 716 749 ab
741 705 778 749 eo
798 687 915 752 dictam
931 708 1010 753 esse.
1055 688 1124 754 Hoc
1144 709 1256 754 revera

90 800 139 866 ita
163 820 197 864 se
213 797 342 881 habere,
364 816 461 879 quum
477 815 516 859 ex
526 781 766 877 posterioribus,
787 793 843 875 qui
863 799 985 879 gentes,
1007 796 1131 878 quaein
1144 795 1254 862 borea-

89 905 174 971 libus
197 904 388 979 habitabant
409 901 602 985 regionibus,
625 919 818 982 quamquam
841 921 904 965 uon
923 902 1089 986 Scythicae
1111 903 1255 986 originia

93 1011 282 1097 Scytharum
313 1017 420 1076 tamen
448 1008 574 1072 nomine
603 1005 822 1087 appellabant,
845 1015 913 1071 tum
942 1030 980 1074 ex
998 1009 1161 1075 Herodoto
1183 1011 1252 1093 ipso

92 1122 217 1188 ostendi
237 1125 354 1205 potest,
376 1118 431 1201 qui
442 1123 466 1197 1)
487 1115 576 1181 verbi
598 1114 703 1198 gratia
724 1113 981 1182 Melanchlaenos
1004 1119 1100 1182 moris
1114 1116 1253 1202 Scythici

90 1248 161 1294 esse
181 1228 271 1304 dicit,
295 1244 486 1309 quamquam
508 1242 572 1286 non
595 1226 669 1285 sunt
690 1220 868 1304 Scythae,2)
891 1243 953 1305 quo
981 1231 1169 1308 argumento
1191 1224 1252 1289 He-

27 1313 28 1317 *
91 1342 236 1402 oetaeum
258 1333 425 1416 Milesium,
447 1332 501 1413 qui
517 1326 774 1393 Melanchlaenos
787 1335 913 1413 gentem
931 1331 1111 1416 Scythicam
1125 1337 1252 1411 vocat,³)

90 1465 262 1529 coarguere
274 1442 407 1508 videtur.
424 1438 577 1504 Similiter
587 1435 797 1520 Androphagi
805 1438 969 1521 Scythicas
981 1447 1084 1506 vestes
1096 1440 1252 1519 ferebant,

91 1571 194 1632 neque
215 1553 306 1613 erant
328 1545 464 1631 Scythae
474 1552 506 1622 4),
529 1549 561 1608 et
581 1543 696 1607 Neuris
724 1564 792 1607 mos
814 1550 884 1608 erat
906 1546 1123 1632 Scythicus,⁵)
1147 1567 1253 1629 quam-

93 1676 188 1739 quam
208 1659 300 1720 extra
321 1652 470 1737 Scythiae
492 1649 571 1714 fines
593 1669 695 1732 aeque
717 1670 755 1715 ac
777 1650 906 1736 Geloni,
936 1655 990 1735 qui
1013 1674 1158 1719 sermone
1180 1655 1253 1739 Scy·

90 1761 176 1826 thico
199 1780 269 1825 cum
289 1758 410 1842 Graeco
426 1757 525 1821 mixto
547 1756 755 1840 utebantur,⁶)
778 1757 941 1823 habitasse
965 1759 1121 1825 dicuntur.
1148 1762 1253 1844 Atque

94 1868 251 1951 quomodo
280 1886 395 1930 nomen
419 1858 554 1928 Σκύθαι
573 1863 814 1946 intelligendum
842 1871 874 1930 et
895 1872 1032 1948 quantus
1055 1887 1180 1952 eorum,
1199 1869 1255 1951 qui

93 1997 140 2050 ως
160 1965 294 2037 Σκύθαι
316 1971 406 2056 εἰσίν,
432 1990 581 2034 uumerus
604 1970 654 2046 sit,
676 1969 859 2035 Herodotus
881 1972 1014 2051 doceto

194 2103 232 2166 In
255 2100 405 2183 fontibus,
428 2118 506 2182 quos
531 2097 625 2160 modo
647 2097 918 2180 perlustravimus,
943 2100 1132 2166 affinitatem
1155 2122 1253 2186 quan-

78 2209 167 2274 ·dam
190 2209 333 2288 existere,
355 2207 433 2273 satis
454 2209 600 2290 apparet,
621 2224 703 2287 quae
723 2206 789 2271 sive
810 2207 936 2285 artiore,
961 2210 1026 2274 sive
1042 2209 1164 2274 laxiore
1186 2210 1253 2274 vin-

93 2315 163 2379 culo
185 2314 357 2380 constricta
386 2314 507 2379 variam
536 2331 661 2395 quoque
691 2313 845 2396 originem
876 2315 992 2397 prodit.
1037 2315 1141 2392 Quum
1169 2316 1254 2381 euim

94 2421 177 2485 inter
199 2421 397 2487 Herodotum
419 2426 452 2485 et
471 2420 700 2504 Hippocratem
720 2421 858 2486 maxima
879 2424 922 2487 sit
944 2423 1117 2489 similitudo
1137 2445 1254 2502 eorum,

94 2548 176 2612 quae
197 2527 237 2594 de
260 2527 458 2594 Sauromatis
480 2533 661 2606 narrantur,
682 2526 786 2592 altera
812 2549 850 2592 ex
874 2534 967 2613 parte
996 2551 1144 2614 magnum
1170 2532 1256 2598 inter

94 2655 148 2701 eos
169 2636 340 2702 intercedit
362 2635 540 2713 discrimen,
564 2634 648 2717 quod
667 2654 763 2716 quum
782 2655 821 2699 ex
841 2637 1034 2701 Amazonum
1054 2637 1164 2704 fabula
1185 2643 1256 2703 tan·

93 2751 162 2809 tum
185 2744 337 2829 explicari
360 2743 471 2827 possit,
491 2763 561 2807 eam
582 2741 675 2824 quasi
695 2761 890 2806 communem
913 2744 1030 2808 nodum
1052 2750 1149 2828 atque
1171 2745 1258 2830 priu-

96 2853 198 2934 cipem
220 2851 481 2916 Sauromatarum
502 2849 635 2913 notitiae
656 2847 784 2931 fontem,
808 2870 901 2932 quem
921 2852 1018 2916 etiarn
1039 2851 1259 2936 Argonautica

95 2956 247 3033 indicant,
271 2957 415 3039 accipere
434 2976 492 3021 nos
516 2959 649 3039 oportet
693 2954 834 3033 Quorum
855 2957 990 3023 fontium
1013 2965 1137 3037 natura,
1159 2978 1258 3042 quum

97 3082 136 3127 ex
158 3062 305 3147 mythicis
327 3062 537 3146 conglutinati
553 3061 618 3126 siut
631 3063 878 3142 narrationibus,
903 3065 1094 3132 simillimam
1109 3065 1260 3150 praebuit

97 3169 240 3249 formam,
263 3191 344 3253 quae
364 3170 491 3235 demum
514 3169 614 3234 exiis
637 3168 763 3235 evoluta
784 3170 819 3235 in
840 3191 892 3235 res
915 3192 987 3237 vere
1018 3177 1127 3257 gestas
1149 3191 1260 3238 conve·

97 3276 153 3341 nit
197 3274 308 3360 Neque
332 3282 439 3342 tamen
457 3275 568 3361 negari
591 3280 706 3361 potest,
729 3276 817 3343 aliud
838 3296 964 3361 quoque
983 3284 1185 3345 narratorum
1205 3296 1258 3362 ge·

243 3592 283 3647 IV
302 3606 325 3646 (t.
345 3593 403 3646 107.

244 3680 301 3734 ibd.
322 3676 388 3733 ἄλλο
407 3675 490 3744 ἔθνος
507 3683 555 3737 καὶ
572 3681 605 3737 οὐ
624 3685 777 3741 Σκυθικόν.

205 3593 225 3660 ¹)

203 3681 225 3748 ¹)

206 3768 228 3835 ⁸)
245 3766 341 3836 Steph.
359 3770 427 3840 Byr.
446 3787 467 3825 s.
488 3788 514 3825 v.
534 3773 616 3844 frgm.
634 3777 684 3832 154
701 3778 745 3832 ed.
768 3776 899 3832 Klausen.

205 3856 228 3923 ¹¹)
246 3856 350 3911 Herod.
370 3859 408 3912 IV
430 3875 454 3915 o.
475 3864 533 3917 106.

206 3945 228 4012 ⁵)

248 3946 285 4000 lV
305 3962 327 4000 o.
348 3950 478 4007 1050011.
498 3969 521 4007 o,
542 3956 600 4008 100.

206 4033 228 4102 ⁶)
247 4034 286 4091 IV
303 4053 326 4090 c.
345 4039 395 4092 108
415 4042 478 4096 coll.
495 4057 519 4097 o.
537 4044 575 4101 IV
595 4060 617 4098 c.
634 4046 676 4100 21.

207 4123 228 4185 ⁷)
247 4125 284 4179 IV
303 4140 325 4180 c.
344 4128 385 4181 81.
