<?xml version="1.0" encoding="UTF-8"?>
<!DOCTYPE html PUBLIC "-//W3C//DTD XHTML 1.0 Transitional//EN"
    "http://www.w3.org/TR/xhtml1/DTD/xhtml1-transitional.dtd">
<html xmlns="http://www.w3.org/1999/xhtml" xml:lang="en" lang="en">
 <head>
  <title>
</title>
<meta http-equiv="Content-Type" content="text/html;charset=utf-8" />
  <meta name='ocr-system' content='tesseract 3.04.00' />
  <meta name='ocr-capabilities' content='ocr_page ocr_carea ocr_par ocr_line ocrx_word'/>
</head>
<body>
  <div class='ocr_page' id='page_1' title='image "./defontibusapudv00kaligoog_0055.png"; bbox 0 0 2706 4566; ppageno 0'>
   <div class='ocr_carea' id='block_1_1' title="bbox 567 223 782 282">
    <p class='ocr_par' dir='ltr' id='par_1_1' title="bbox 567 223 782 282">
     <span class='ocr_line' id='line_1_1' title="bbox 567 223 782 282; baseline -0.009 -14"><span class='ocrx_word' id='word_1_1' title='bbox 567 223 782 282; x_wconf 76' lang='grc'>..46-</span> 
     </span>
    </p>
   </div>
   <div class='ocr_carea' id='block_1_2' title="bbox 90 385 1266 3995">
    <p class='ocr_par' dir='ltr' id='par_1_2' title="bbox 90 385 1257 1218">
     <span class='ocr_line' id='line_1_2' title="bbox 96 385 1257 473; baseline 0 -20"><span class='ocrx_word' id='word_1_2' title='bbox 96 387 294 454; x_wconf 89' lang='lat' dir='ltr'><strong>Maeotarum</strong></span> <span class='ocrx_word' id='word_1_3' title='bbox 324 393 449 473; x_wconf 78' lang='lat' dir='ltr'><strong>gentem</strong></span> <span class='ocrx_word' id='word_1_4' title='bbox 474 387 678 454; x_wconf 79' lang='lat' dir='ltr'><strong>Sauromatas</strong></span> <span class='ocrx_word' id='word_1_5' title='bbox 698 406 769 451; x_wconf 90' lang='lat' dir='ltr'><strong>esse</strong></span> <span class='ocrx_word' id='word_1_6' title='bbox 796 385 895 469; x_wconf 86' lang='lat' dir='ltr'><strong>duxit,</strong></span> <span class='ocrx_word' id='word_1_7' title='bbox 917 406 1050 472; x_wconf 90' lang='lat' dir='ltr'><strong>quorum</strong></span> <span class='ocrx_word' id='word_1_8' title='bbox 1078 407 1192 454; x_wconf 91' lang='lat' dir='ltr'><strong>nomen</strong></span> <span class='ocrx_word' id='word_1_9' title='bbox 1221 388 1257 453; x_wconf 92' lang='lat' dir='ltr'><strong>in</strong></span> 
     </span>
     <span class='ocr_line' id='line_1_3' title="bbox 95 492 1256 578; baseline -0.002 -20"><span class='ocrx_word' id='word_1_10' title='bbox 95 493 173 558; x_wconf 83' lang='lat' dir='ltr'><strong>Asia</strong></span> <span class='ocrx_word' id='word_1_11' title='bbox 195 514 296 578; x_wconf 90' lang='lat' dir='ltr'><strong>aeque</strong></span> <span class='ocrx_word' id='word_1_12' title='bbox 317 514 356 558; x_wconf 87' lang='lat' dir='ltr'><strong>ao</strong></span> <span class='ocrx_word' id='word_1_13' title='bbox 378 492 566 578; x_wconf 75' lang='lat' dir='ltr'><strong>Scytharum</strong></span> <span class='ocrx_word' id='word_1_14' title='bbox 586 493 619 556; x_wconf 92' lang='lat' dir='ltr'><strong>in</strong></span> <span class='ocrx_word' id='word_1_15' title='bbox 636 492 765 575; x_wconf 86' lang='lat' dir='ltr'><strong>Europa</strong></span> <span class='ocrx_word' id='word_1_16' title='bbox 786 492 909 558; x_wconf 89' lang='lat' dir='ltr'><strong>latioris</strong></span> <span class='ocrx_word' id='word_1_17' title='bbox 926 494 1169 578; x_wconf 88' lang='lat' dir='ltr'><strong>significationis</strong></span> <span class='ocrx_word' id='word_1_18' title='bbox 1187 513 1256 556; x_wconf 94' lang='lat' dir='ltr'><strong>mu·</strong></span> 
     </span>
     <span class='ocr_line' id='line_1_4' title="bbox 92 598 1255 684; baseline -0.002 -19"><span class='ocrx_word' id='word_1_19' title='bbox 92 620 169 666; x_wconf 93' lang='lat' dir='ltr'><strong>nere</strong></span> <span class='ocrx_word' id='word_1_20' title='bbox 190 599 280 684; x_wconf 85' lang='lat' dir='ltr'><strong>fungi</strong></span> <span class='ocrx_word' id='word_1_21' title='bbox 301 600 420 665; x_wconf 86' lang='lat' dir='ltr'><strong>statuit.</strong></span> <span class='ocrx_word' id='word_1_22' title='bbox 465 600 570 677; x_wconf 77' lang='lat' dir='ltr'><strong>Quare</strong></span> <span class='ocrx_word' id='word_1_23' title='bbox 599 599 740 664; x_wconf 90' lang='lat' dir='ltr'><strong>dubitari</strong></span> <span class='ocrx_word' id='word_1_24' title='bbox 767 618 830 663; x_wconf 93' lang='lat' dir='ltr'><strong>non</strong></span> <span class='ocrx_word' id='word_1_25' title='bbox 853 603 972 681; x_wconf 87' lang='lat' dir='ltr'><strong>potest,</strong></span> <span class='ocrx_word' id='word_1_26' title='bbox 1003 600 1080 684; x_wconf 90' lang='lat' dir='ltr'><strong>quin</strong></span> <span class='ocrx_word' id='word_1_27' title='bbox 1100 598 1255 683; x_wconf 82' lang='lat' dir='ltr'><strong>Scymnus</strong></span> 
     </span>
     <span class='ocr_line' id='line_1_5' title="bbox 92 704 1255 793; baseline -0.002 -22"><span class='ocrx_word' id='word_1_28' title='bbox 92 707 190 772; x_wconf 80' lang='lat' dir='ltr'><strong>Chius</strong></span> <span class='ocrx_word' id='word_1_29' title='bbox 213 707 366 784; x_wconf 88' lang='lat' dir='ltr'><strong>notitiam,</strong></span> <span class='ocrx_word' id='word_1_30' title='bbox 389 727 484 793; x_wconf 90' lang='lat' dir='ltr'><strong>quam</strong></span> <span class='ocrx_word' id='word_1_31' title='bbox 507 705 593 790; x_wconf 90' lang='lat' dir='ltr'><strong>apud</strong></span> <span class='ocrx_word' id='word_1_32' title='bbox 607 705 769 788; x_wconf 84' lang='lat' dir='ltr'><strong>Ephorum</strong></span> <span class='ocrx_word' id='word_1_33' title='bbox 790 706 830 770; x_wconf 94' lang='lat' dir='ltr'><strong>de</strong></span> <span class='ocrx_word' id='word_1_34' title='bbox 849 706 1045 772; x_wconf 89' lang='lat' dir='ltr'><strong>Sauromatis</strong></span> <span class='ocrx_word' id='word_1_35' title='bbox 1062 706 1096 769; x_wconf 93' lang='lat' dir='ltr'><strong>in</strong></span> <span class='ocrx_word' id='word_1_36' title='bbox 1109 705 1186 770; x_wconf 87' lang='lat' dir='ltr'><strong>Asia</strong></span> <span class='ocrx_word' id='word_1_37' title='bbox 1206 704 1255 769; x_wconf 92' lang='lat' dir='ltr'><strong>in·</strong></span> 
     </span>
     <span class='ocr_line' id='line_1_6' title="bbox 90 811 1255 898; baseline -0.003 -19"><span class='ocrx_word' id='word_1_38' title='bbox 90 819 230 889; x_wconf 84' lang='lat' dir='ltr'><strong>venerat,</strong></span> <span class='ocrx_word' id='word_1_39' title='bbox 251 832 347 898; x_wconf 91' lang='lat' dir='ltr'><strong>quum</strong></span> <span class='ocrx_word' id='word_1_40' title='bbox 369 819 475 878; x_wconf 92' lang='lat' dir='ltr'><strong>aetate</strong></span> <span class='ocrx_word' id='word_1_41' title='bbox 500 813 626 896; x_wconf 89' lang='lat' dir='ltr'><strong>Scymni</strong></span> <span class='ocrx_word' id='word_1_42' title='bbox 648 832 726 896; x_wconf 92' lang='lat' dir='ltr'><strong>gens</strong></span> <span class='ocrx_word' id='word_1_43' title='bbox 747 811 804 878; x_wconf 92' lang='lat' dir='ltr'><strong>illa</strong></span> <span class='ocrx_word' id='word_1_44' title='bbox 825 813 888 877; x_wconf 93' lang='lat' dir='ltr'><strong>iam</strong></span> <span class='ocrx_word' id='word_1_45' title='bbox 910 813 944 876; x_wconf 94' lang='lat' dir='ltr'><strong>in</strong></span> <span class='ocrx_word' id='word_1_46' title='bbox 966 811 1126 894; x_wconf 83' lang='lat' dir='ltr'><strong>Europam</strong></span> <span class='ocrx_word' id='word_1_47' title='bbox 1146 817 1255 876; x_wconf 83' lang='lat' dir='ltr'><strong>trans:</strong></span> 
     </span>
     <span class='ocr_line' id='line_1_7' title="bbox 91 918 1256 1005; baseline 0 -19"><span class='ocrx_word' id='word_1_48' title='bbox 91 921 198 1003; x_wconf 91' lang='lat' dir='ltr'><strong>iisset,</strong></span> <span class='ocrx_word' id='word_1_49' title='bbox 229 921 272 985; x_wconf 92' lang='lat' dir='ltr'><strong>ad</strong></span> <span class='ocrx_word' id='word_1_50' title='bbox 299 942 357 985; x_wconf 91' lang='lat' dir='ltr'><strong>sua</strong></span> <span class='ocrx_word' id='word_1_51' title='bbox 387 918 634 986; x_wconf 89' lang='lat' dir='ltr'><strong>accommodarit</strong></span> <span class='ocrx_word' id='word_1_52' title='bbox 653 923 799 1002; x_wconf 90' lang='lat' dir='ltr'><strong>tempora</strong></span> <span class='ocrx_word' id='word_1_53' title='bbox 825 939 926 1005; x_wconf 89' lang='lat' dir='ltr'><strong>eaque</strong></span> <span class='ocrx_word' id='word_1_54' title='bbox 951 941 1063 1003; x_wconf 89' lang='lat' dir='ltr'><strong>parum</strong></span> <span class='ocrx_word' id='word_1_55' title='bbox 1085 923 1160 1002; x_wconf 92' lang='lat' dir='ltr'><strong>apte</strong></span> <span class='ocrx_word' id='word_1_56' title='bbox 1183 919 1256 986; x_wconf 90' lang='lat' dir='ltr'><strong>des·</strong></span> 
     </span>
     <span class='ocr_line' id='line_1_8' title="bbox 92 1024 1254 1112; baseline 0 -20"><span class='ocrx_word' id='word_1_57' title='bbox 92 1027 250 1111; x_wconf 88' lang='lat' dir='ltr'><strong>eriptioni,</strong></span> <span class='ocrx_word' id='word_1_58' title='bbox 274 1046 370 1112; x_wconf 89' lang='lat' dir='ltr'><strong>quam</strong></span> <span class='ocrx_word' id='word_1_59' title='bbox 394 1046 434 1091; x_wconf 86' lang='lat' dir='ltr'><strong>ex</strong></span> <span class='ocrx_word' id='word_1_60' title='bbox 446 1024 574 1108; x_wconf 89' lang='lat' dir='ltr'><strong>Ephoro</strong></span> <span class='ocrx_word' id='word_1_61' title='bbox 597 1029 630 1090; x_wconf 90' lang='lat' dir='ltr'><strong>et</strong></span> <span class='ocrx_word' id='word_1_62' title='bbox 639 1024 801 1091; x_wconf 89' lang='lat' dir='ltr'><strong>Demetrio</strong></span> <span class='ocrx_word' id='word_1_63' title='bbox 820 1031 1032 1112; x_wconf 82' lang='lat' dir='ltr'><strong>congesserat,</strong></span> <span class='ocrx_word' id='word_1_64' title='bbox 1053 1026 1254 1109; x_wconf 86' lang='lat' dir='ltr'><strong>interposita,</strong></span> 
     </span>
     <span class='ocr_line' id='line_1_9' title="bbox 93 1132 882 1218; baseline -0.001 -19"><span class='ocrx_word' id='word_1_65' title='bbox 93 1153 217 1200; x_wconf 91' lang='lat' dir='ltr'><strong>omnem</strong></span> <span class='ocrx_word' id='word_1_66' title='bbox 238 1133 358 1218; x_wconf 86' lang='lat' dir='ltr'><strong>Ephori</strong></span> <span class='ocrx_word' id='word_1_67' title='bbox 379 1132 553 1199; x_wconf 91' lang='lat' dir='ltr'><strong>testimonii</strong></span> <span class='ocrx_word' id='word_1_68' title='bbox 575 1132 714 1198; x_wconf 89' lang='lat' dir='ltr'><strong>turbarit</strong></span> <span class='ocrx_word' id='word_1_69' title='bbox 739 1132 882 1198; x_wconf 89' lang='lat' dir='ltr'><strong>ordinem</strong></span> 
     </span>
    </p>

    <p class='ocr_par' dir='ltr' id='par_1_3' title="bbox 90 1238 1266 3995">
     <span class='ocr_line' id='line_1_10' title="bbox 194 1238 1256 1306; baseline 0.001 -3"><span class='ocrx_word' id='word_1_70' title='bbox 194 1239 296 1304; x_wconf 85' lang='lat' dir='ltr'><strong>Trans</strong></span> <span class='ocrx_word' id='word_1_71' title='bbox 324 1239 448 1306; x_wconf 84' lang='lat' dir='ltr'><strong>Tanain</strong></span> <span class='ocrx_word' id='word_1_72' title='bbox 474 1240 509 1304; x_wconf 91' lang='lat' dir='ltr'><strong>in</strong></span> <span class='ocrx_word' id='word_1_73' title='bbox 535 1239 612 1304; x_wconf 82' lang='lat' dir='ltr'><strong>Asia</strong></span> <span class='ocrx_word' id='word_1_74' title='bbox 634 1238 798 1304; x_wconf 89' lang='lat' dir='ltr'><strong>Sarmatas</strong></span> <span class='ocrx_word' id='word_1_75' title='bbox 827 1245 946 1305; x_wconf 90' lang='lat' dir='ltr'><strong>terram</strong></span> <span class='ocrx_word' id='word_1_76' title='bbox 972 1239 1034 1304; x_wconf 93' lang='lat' dir='ltr'><strong>duo</strong></span> <span class='ocrx_word' id='word_1_77' title='bbox 1062 1238 1162 1304; x_wconf 90' lang='lat' dir='ltr'><strong>millia</strong></span> <span class='ocrx_word' id='word_1_78' title='bbox 1190 1242 1256 1304; x_wconf 85' lang='lat' dir='ltr'><strong>sta-</strong></span> 
     </span>
     <span class='ocr_line' id='line_1_11' title="bbox 90 1345 1257 1432; baseline 0.002 -22"><span class='ocrx_word' id='word_1_79' title='bbox 90 1345 215 1410; x_wconf 93' lang='lat' dir='ltr'><strong>diorum</strong></span> <span class='ocrx_word' id='word_1_80' title='bbox 242 1346 385 1412; x_wconf 91' lang='lat' dir='ltr'><strong>obtinere</strong></span> <span class='ocrx_word' id='word_1_81' title='bbox 414 1347 567 1431; x_wconf 79' lang='lat' dir='ltr'><strong>Scymnus</strong></span> <span class='ocrx_word' id='word_1_82' title='bbox 594 1345 748 1425; x_wconf 74' lang='lat' dir='ltr'><strong>traditl),</strong></span> <span class='ocrx_word' id='word_1_83' title='bbox 776 1353 873 1432; x_wconf 89' lang='lat' dir='ltr'><strong>atque</strong></span> <span class='ocrx_word' id='word_1_84' title='bbox 899 1367 953 1413; x_wconf 91' lang='lat' dir='ltr'><strong>eos</strong></span> <span class='ocrx_word' id='word_1_85' title='bbox 975 1351 1102 1431; x_wconf 86' lang='lat' dir='ltr'><strong>gentem</strong></span> <span class='ocrx_word' id='word_1_86' title='bbox 1122 1345 1257 1412; x_wconf 90' lang='lat' dir='ltr'><strong>Maeoti-</strong></span> 
     </span>
     <span class='ocr_line' id='line_1_12' title="bbox 92 1452 1259 1539; baseline 0 -21"><span class='ocrx_word' id='word_1_87' title='bbox 92 1473 177 1536; x_wconf 89' lang='lat' dir='ltr'><strong>cam,</strong></span> <span class='ocrx_word' id='word_1_88' title='bbox 207 1474 302 1539; x_wconf 91' lang='lat' dir='ltr'><strong>quam</strong></span> <span class='ocrx_word' id='word_1_89' title='bbox 329 1454 512 1520; x_wconf 88' lang='lat' dir='ltr'><strong>Demetrius</strong></span> <span class='ocrx_word' id='word_1_90' title='bbox 539 1452 739 1538; x_wconf 73' lang='lat' dir='ltr'><strong>Jazamutas,</strong></span> <span class='ocrx_word' id='word_1_91' title='bbox 771 1452 919 1537; x_wconf 90' lang='lat' dir='ltr'><strong>Ephorus</strong></span> <span class='ocrx_word' id='word_1_92' title='bbox 945 1473 1019 1519; x_wconf 89' lang='lat' dir='ltr'><strong>vero</strong></span> <span class='ocrx_word' id='word_1_93' title='bbox 1048 1453 1259 1519; x_wconf 87' lang='lat' dir='ltr'><strong>Sauromatas</strong></span> 
     </span>
     <span class='ocr_line' id='line_1_13' title="bbox 91 1555 1259 1644; baseline -0.001 -19"><span class='ocrx_word' id='word_1_94' title='bbox 91 1559 272 1643; x_wconf 89' lang='lat' dir='ltr'><strong>appellent,</strong></span> <span class='ocrx_word' id='word_1_95' title='bbox 302 1561 447 1644; x_wconf 84' lang='lat' dir='ltr'><strong>excipere</strong></span> <span class='ocrx_word' id='word_1_96' title='bbox 475 1559 605 1642; x_wconf 87' lang='lat' dir='ltr'><strong>profert.</strong></span> <span class='ocrx_word' id='word_1_97' title='bbox 649 1559 772 1624; x_wconf 91' lang='lat' dir='ltr'><strong>Nomen</strong></span> <span class='ocrx_word' id='word_1_98' title='bbox 797 1560 1015 1625; x_wconf 83' lang='lat' dir='ltr'><strong>Sarmatarum</strong></span> <span class='ocrx_word' id='word_1_99' title='bbox 1033 1559 1170 1642; x_wconf 89' lang='lat' dir='ltr'><strong>primum</strong></span> <span class='ocrx_word' id='word_1_100' title='bbox 1194 1555 1259 1624; x_wconf 89' lang='lat' dir='ltr'><strong>hoo</strong></span> 
     </span>
     <span class='ocr_line' id='line_1_14' title="bbox 91 1665 1260 1752; baseline -0.001 -20"><span class='ocrx_word' id='word_1_101' title='bbox 91 1666 162 1732; x_wconf 92' lang='lat' dir='ltr'><strong>looo</strong></span> <span class='ocrx_word' id='word_1_102' title='bbox 177 1666 264 1749; x_wconf 90' lang='lat' dir='ltr'><strong>apud</strong></span> <span class='ocrx_word' id='word_1_103' title='bbox 274 1665 438 1750; x_wconf 88' lang='lat' dir='ltr'><strong>Ephorum</strong></span> <span class='ocrx_word' id='word_1_104' title='bbox 455 1667 572 1750; x_wconf 92' lang='lat' dir='ltr'><strong>legitur</strong></span> <span class='ocrx_word' id='word_1_105' title='bbox 593 1686 633 1731; x_wconf 90' lang='lat' dir='ltr'><strong>ac</strong></span> <span class='ocrx_word' id='word_1_106' title='bbox 645 1666 741 1750; x_wconf 87' lang='lat' dir='ltr'><strong>genti,</strong></span> <span class='ocrx_word' id='word_1_107' title='bbox 765 1687 847 1752; x_wconf 89' lang='lat' dir='ltr'><strong>quae</strong></span> <span class='ocrx_word' id='word_1_108' title='bbox 868 1667 979 1732; x_wconf 90' lang='lat' dir='ltr'><strong>eadem</strong></span> <span class='ocrx_word' id='word_1_109' title='bbox 999 1665 1160 1732; x_wconf 90' lang='lat' dir='ltr'><strong>incolebat</strong></span> <span class='ocrx_word' id='word_1_110' title='bbox 1173 1665 1260 1743; x_wconf 91' lang='lat' dir='ltr'><strong>loca,</strong></span> 
     </span>
     <span class='ocr_line' id='line_1_15' title="bbox 91 1772 1258 1858; baseline 0 -22"><span class='ocrx_word' id='word_1_111' title='bbox 91 1772 207 1858; x_wconf 88' lang='lat' dir='ltr'><strong>quibus</strong></span> <span class='ocrx_word' id='word_1_112' title='bbox 235 1773 440 1838; x_wconf 87' lang='lat' dir='ltr'><strong>Sauromatas</strong></span> <span class='ocrx_word' id='word_1_113' title='bbox 462 1773 654 1849; x_wconf 85' lang='lat' dir='ltr'><strong>invenimus,</strong></span> <span class='ocrx_word' id='word_1_114' title='bbox 684 1773 843 1839; x_wconf 86' lang='lat' dir='ltr'><strong>tribuitur.</strong></span> <span class='ocrx_word' id='word_1_115' title='bbox 881 1773 993 1857; x_wconf 87' lang='lat' dir='ltr'><strong>Neque</strong></span> <span class='ocrx_word' id='word_1_116' title='bbox 1016 1773 1116 1838; x_wconf 89' lang='lat' dir='ltr'><strong>latere</strong></span> <span class='ocrx_word' id='word_1_117' title='bbox 1137 1775 1258 1856; x_wconf 89' lang='lat' dir='ltr'><strong>potest,</strong></span> 
     </span>
     <span class='ocr_line' id='line_1_16' title="bbox 90 1877 1258 1965; baseline 0.001 -23"><span class='ocrx_word' id='word_1_118' title='bbox 90 1883 233 1943; x_wconf 91' lang='lat' dir='ltr'><strong>nostrum</strong></span> <span class='ocrx_word' id='word_1_119' title='bbox 256 1877 474 1944; x_wconf 88' lang='lat' dir='ltr'><strong>Sarmatarum</strong></span> <span class='ocrx_word' id='word_1_120' title='bbox 496 1880 622 1944; x_wconf 91' lang='lat' dir='ltr'><strong>nomine</strong></span> <span class='ocrx_word' id='word_1_121' title='bbox 639 1899 698 1962; x_wconf 90' lang='lat' dir='ltr'><strong>pro</strong></span> <span class='ocrx_word' id='word_1_122' title='bbox 720 1877 926 1958; x_wconf 85' lang='lat' dir='ltr'><strong>Sauromatis,</strong></span> <span class='ocrx_word' id='word_1_123' title='bbox 948 1900 1030 1965; x_wconf 92' lang='lat' dir='ltr'><strong>quae</strong></span> <span class='ocrx_word' id='word_1_124' title='bbox 1050 1879 1153 1944; x_wconf 90' lang='lat' dir='ltr'><strong>forma</strong></span> <span class='ocrx_word' id='word_1_125' title='bbox 1167 1877 1258 1962; x_wconf 90' lang='lat' dir='ltr'><strong>apud</strong></span> 
     </span>
     <span class='ocr_line' id='line_1_17' title="bbox 93 1986 1259 2071; baseline 0.001 -22"><span class='ocrx_word' id='word_1_126' title='bbox 93 2006 202 2051; x_wconf 92' lang='lat' dir='ltr'><strong>omnes</strong></span> <span class='ocrx_word' id='word_1_127' title='bbox 225 1987 406 2070; x_wconf 88' lang='lat' dir='ltr'><strong>scriptores,</strong></span> <span class='ocrx_word' id='word_1_128' title='bbox 428 2006 509 2071; x_wconf 88' lang='lat' dir='ltr'><strong>quoe</strong></span> <span class='ocrx_word' id='word_1_129' title='bbox 531 1987 705 2063; x_wconf 86' lang='lat' dir='ltr'><strong>citavimus,</strong></span> <span class='ocrx_word' id='word_1_130' title='bbox 728 1991 911 2052; x_wconf 86' lang='lat' dir='ltr'><strong>constanter</strong></span> <span class='ocrx_word' id='word_1_131' title='bbox 932 1987 1099 2070; x_wconf 87' lang='lat' dir='ltr'><strong>invenitur,</strong></span> <span class='ocrx_word' id='word_1_132' title='bbox 1122 1986 1259 2070; x_wconf 90' lang='lat' dir='ltr'><strong>promis·</strong></span> 
     </span>
     <span class='ocr_line' id='line_1_18' title="bbox 95 2091 1258 2179; baseline 0.003 -22"><span class='ocrx_word' id='word_1_133' title='bbox 95 2113 153 2157; x_wconf 91' lang='lat' dir='ltr'><strong>cue</strong></span> <span class='ocrx_word' id='word_1_134' title='bbox 173 2098 208 2158; x_wconf 91' lang='lat' dir='ltr'><strong>at</strong></span> <span class='ocrx_word' id='word_1_135' title='bbox 228 2112 302 2158; x_wconf 86' lang='lat' dir='ltr'><strong>vero</strong></span> <span class='ocrx_word' id='word_1_136' title='bbox 326 2091 450 2158; x_wconf 85' lang='lat' dir='ltr'><strong>diverso</strong></span> <span class='ocrx_word' id='word_1_137' title='bbox 474 2113 569 2157; x_wconf 86' lang='lat' dir='ltr'><strong>sensu</strong></span> <span class='ocrx_word' id='word_1_138' title='bbox 589 2113 681 2158; x_wconf 92' lang='lat' dir='ltr'><strong>usum</strong></span> <span class='ocrx_word' id='word_1_139' title='bbox 703 2113 781 2159; x_wconf 89' lang='lat' dir='ltr'><strong>esse.</strong></span> <span class='ocrx_word' id='word_1_140' title='bbox 824 2093 906 2159; x_wconf 88' lang='lat' dir='ltr'><strong>Nam</strong></span> <span class='ocrx_word' id='word_1_141' title='bbox 929 2114 1025 2179; x_wconf 88' lang='lat' dir='ltr'><strong>quum</strong></span> <span class='ocrx_word' id='word_1_142' title='bbox 1037 2094 1181 2160; x_wconf 88' lang='lat' dir='ltr'><strong>Maeotae</strong></span> <span class='ocrx_word' id='word_1_143' title='bbox 1200 2093 1258 2160; x_wconf 86' lang='lat' dir='ltr'><strong>Ja-</strong></span> 
     </span>
     <span class='ocr_line' id='line_1_19' title="bbox 93 2200 1258 2286; baseline 0.002 -22"><span class='ocrx_word' id='word_1_144' title='bbox 93 2205 236 2266; x_wconf 87' lang='lat' dir='ltr'><strong>zamatas</strong></span> <span class='ocrx_word' id='word_1_145' title='bbox 263 2221 333 2266; x_wconf 90' lang='lat' dir='ltr'><strong>esse</strong></span> <span class='ocrx_word' id='word_1_146' title='bbox 358 2200 538 2266; x_wconf 88' lang='lat' dir='ltr'><strong>Demetrius</strong></span> <span class='ocrx_word' id='word_1_147' title='bbox 566 2200 668 2279; x_wconf 87' lang='lat' dir='ltr'><strong>dicat,</strong></span> <span class='ocrx_word' id='word_1_148' title='bbox 692 2202 801 2286; x_wconf 89' lang='lat' dir='ltr'><strong>itaque</strong></span> <span class='ocrx_word' id='word_1_149' title='bbox 828 2201 1021 2285; x_wconf 91' lang='lat' dir='ltr'><strong>singularem</strong></span> <span class='ocrx_word' id='word_1_150' title='bbox 1048 2202 1179 2285; x_wconf 90' lang='lat' dir='ltr'><strong>proprio</strong></span> <span class='ocrx_word' id='word_1_151' title='bbox 1200 2220 1258 2266; x_wconf 93' lang='lat' dir='ltr'><strong>no-</strong></span> 
     </span>
     <span class='ocr_line' id='line_1_20' title="bbox 92 2308 1257 2393; baseline 0 -20"><span class='ocrx_word' id='word_1_152' title='bbox 92 2308 177 2373; x_wconf 91' lang='lat' dir='ltr'><strong>mine</strong></span> <span class='ocrx_word' id='word_1_153' title='bbox 199 2308 394 2391; x_wconf 89' lang='lat' dir='ltr'><strong>appellatam</strong></span> <span class='ocrx_word' id='word_1_154' title='bbox 415 2313 542 2393; x_wconf 91' lang='lat' dir='ltr'><strong>gentem</strong></span> <span class='ocrx_word' id='word_1_155' title='bbox 570 2329 639 2374; x_wconf 88' lang='lat' dir='ltr'><strong>esse</strong></span> <span class='ocrx_word' id='word_1_156' title='bbox 669 2313 802 2386; x_wconf 90' lang='lat' dir='ltr'><strong>statuat,</strong></span> <span class='ocrx_word' id='word_1_157' title='bbox 832 2308 981 2392; x_wconf 88' lang='lat' dir='ltr'><strong>Ephorus</strong></span> <span class='ocrx_word' id='word_1_158' title='bbox 1006 2329 1060 2374; x_wconf 91' lang='lat' dir='ltr'><strong>eos</strong></span> <span class='ocrx_word' id='word_1_159' title='bbox 1088 2309 1257 2374; x_wconf 88' lang='lat' dir='ltr'><strong>Sauroma-</strong></span> 
     </span>
     <span class='ocr_line' id='line_1_21' title="bbox 93 2414 1259 2500; baseline 0.002 -21"><span class='ocrx_word' id='word_1_160' title='bbox 93 2419 144 2480; x_wconf 91' lang='lat' dir='ltr'><strong>tas</strong></span> <span class='ocrx_word' id='word_1_161' title='bbox 166 2422 272 2498; x_wconf 84' lang='lat' dir='ltr'><strong>vocat,</strong></span> <span class='ocrx_word' id='word_1_162' title='bbox 306 2415 390 2499; x_wconf 92' lang='lat' dir='ltr'><strong>quod</strong></span> <span class='ocrx_word' id='word_1_163' title='bbox 413 2420 479 2480; x_wconf 89' lang='lat' dir='ltr'><strong>tum</strong></span> <span class='ocrx_word' id='word_1_164' title='bbox 501 2414 572 2481; x_wconf 91' lang='lat' dir='ltr'><strong>fieri</strong></span> <span class='ocrx_word' id='word_1_165' title='bbox 593 2420 716 2482; x_wconf 91' lang='lat' dir='ltr'><strong>tantum</strong></span> <span class='ocrx_word' id='word_1_166' title='bbox 738 2417 909 2500; x_wconf 89' lang='lat' dir='ltr'><strong>potuisset,</strong></span> <span class='ocrx_word' id='word_1_167' title='bbox 940 2417 968 2481; x_wconf 90' lang='lat' dir='ltr'><strong>si</strong></span> <span class='ocrx_word' id='word_1_168' title='bbox 987 2416 1134 2482; x_wconf 88' lang='lat' dir='ltr'><strong>Maeotae</strong></span> <span class='ocrx_word' id='word_1_169' title='bbox 1153 2434 1259 2500; x_wconf 90' lang='lat' dir='ltr'><strong>aeque</strong></span> 
     </span>
     <span class='ocr_line' id='line_1_22' title="bbox 92 2520 1260 2606; baseline -0.001 -18"><span class='ocrx_word' id='word_1_170' title='bbox 92 2541 131 2588; x_wconf 87' lang='lat' dir='ltr'><strong>ao</strong></span> <span class='ocrx_word' id='word_1_171' title='bbox 156 2520 364 2587; x_wconf 88' lang='lat' dir='ltr'><strong>Sauromatae</strong></span> <span class='ocrx_word' id='word_1_172' title='bbox 390 2522 576 2587; x_wconf 87' lang='lat' dir='ltr'><strong>alienissimi</strong></span> <span class='ocrx_word' id='word_1_173' title='bbox 605 2521 760 2589; x_wconf 87' lang='lat' dir='ltr'><strong>Sarmatis</strong></span> <span class='ocrx_word' id='word_1_174' title='bbox 787 2522 929 2588; x_wconf 89' lang='lat' dir='ltr'><strong>fuissent.</strong></span> <span class='ocrx_word' id='word_1_175' title='bbox 972 2522 1178 2606; x_wconf 91' lang='lat' dir='ltr'><strong>Perspicuum</strong></span> <span class='ocrx_word' id='word_1_176' title='bbox 1207 2527 1260 2587; x_wconf 89' lang='lat' dir='ltr'><strong>est</strong></span> 
     </span>
     <span class='ocr_line' id='line_1_23' title="bbox 92 2628 1258 2713; baseline 0.001 -21"><span class='ocrx_word' id='word_1_177' title='bbox 92 2633 250 2706; x_wconf 89' lang='lat' dir='ltr'><strong>nostrum,</strong></span> <span class='ocrx_word' id='word_1_178' title='bbox 273 2629 359 2713; x_wconf 87' lang='lat' dir='ltr'><strong>quod</strong></span> <span class='ocrx_word' id='word_1_179' title='bbox 382 2628 505 2694; x_wconf 86' lang='lat' dir='ltr'><strong>adhoc</strong></span> <span class='ocrx_word' id='word_1_180' title='bbox 526 2648 640 2693; x_wconf 91' lang='lat' dir='ltr'><strong>nomen</strong></span> <span class='ocrx_word' id='word_1_181' title='bbox 661 2629 785 2706; x_wconf 90' lang='lat' dir='ltr'><strong>attinet,</strong></span> <span class='ocrx_word' id='word_1_182' title='bbox 809 2649 899 2693; x_wconf 91' lang='lat' dir='ltr'><strong>usum</strong></span> <span class='ocrx_word' id='word_1_183' title='bbox 918 2630 988 2694; x_wconf 84' lang='lat' dir='ltr'><strong>aevi</strong></span> <span class='ocrx_word' id='word_1_184' title='bbox 1010 2629 1059 2693; x_wconf 90' lang='lat' dir='ltr'><strong>sui</strong></span> <span class='ocrx_word' id='word_1_185' title='bbox 1079 2648 1149 2693; x_wconf 91' lang='lat' dir='ltr'><strong>esse</strong></span> <span class='ocrx_word' id='word_1_186' title='bbox 1167 2648 1258 2693; x_wconf 86' lang='lat' dir='ltr'><strong>secu·</strong></span> 
     </span>
     <span class='ocr_line' id='line_1_24' title="bbox 92 2734 1266 2820; baseline 0.003 -21"><span class='ocrx_word' id='word_1_187' title='bbox 92 2739 169 2811; x_wconf 88' lang='lat' dir='ltr'><strong>tum,</strong></span> <span class='ocrx_word' id='word_1_188' title='bbox 193 2756 255 2820; x_wconf 91' lang='lat' dir='ltr'><strong>quo</strong></span> <span class='ocrx_word' id='word_1_189' title='bbox 277 2735 340 2800; x_wconf 94' lang='lat' dir='ltr'><strong>duo</strong></span> <span class='ocrx_word' id='word_1_190' title='bbox 362 2736 442 2802; x_wconf 90' lang='lat' dir='ltr'><strong>haec</strong></span> <span class='ocrx_word' id='word_1_191' title='bbox 463 2737 591 2801; x_wconf 90' lang='lat' dir='ltr'><strong>nomina</strong></span> <span class='ocrx_word' id='word_1_192' title='bbox 611 2734 870 2802; x_wconf 88' lang='lat' dir='ltr'><strong>Sauromatarum</strong></span> <span class='ocrx_word' id='word_1_193' title='bbox 894 2740 927 2801; x_wconf 90' lang='lat' dir='ltr'><strong>et</strong></span> <span class='ocrx_word' id='word_1_194' title='bbox 946 2736 1164 2802; x_wconf 88' lang='lat' dir='ltr'><strong>Sarmatarum</strong></span> <span class='ocrx_word' id='word_1_195' title='bbox 1182 2755 1266 2819; x_wconf 85' lang='lat' dir='ltr'><strong>pro·¹</strong></span> 
     </span>
     <span class='ocr_line' id='line_1_25' title="bbox 92 2841 1258 2927; baseline 0.002 -22"><span class='ocrx_word' id='word_1_196' title='bbox 92 2841 212 2906; x_wconf 87' lang='lat' dir='ltr'><strong>misoue</strong></span> <span class='ocrx_word' id='word_1_197' title='bbox 232 2846 386 2924; x_wconf 89' lang='lat' dir='ltr'><strong>usurpata</strong></span> <span class='ocrx_word' id='word_1_198' title='bbox 408 2843 567 2908; x_wconf 74' lang='grc'><strong>1111111111</strong></span> <span class='ocrx_word' id='word_1_199' title='bbox 589 2847 696 2909; x_wconf 91' lang='lat' dir='ltr'><strong>tamen</strong></span> <span class='ocrx_word' id='word_1_200' title='bbox 716 2843 857 2927; x_wconf 88' lang='lat' dir='ltr'><strong>gentium</strong></span> <span class='ocrx_word' id='word_1_201' title='bbox 880 2864 950 2908; x_wconf 89' lang='lat' dir='ltr'><strong>esse</strong></span> <span class='ocrx_word' id='word_1_202' title='bbox 978 2843 1190 2926; x_wconf 90' lang='lat' dir='ltr'><strong>putabantur,</strong></span> <span class='ocrx_word' id='word_1_203' title='bbox 1220 2847 1258 2907; x_wconf 91' lang='lat' dir='ltr'><strong>ut</strong></span> 
     </span>
     <span class='ocr_line' id='line_1_26' title="bbox 93 2946 1256 3033; baseline 0.002 -21"><span class='ocrx_word' id='word_1_204' title='bbox 93 2967 133 3012; x_wconf 86' lang='lat' dir='ltr'><strong>ex</strong></span> <span class='ocrx_word' id='word_1_205' title='bbox 153 2946 256 3012; x_wconf 91' lang='lat' dir='ltr'><strong>Plinio</strong></span> <span class='ocrx_word' id='word_1_206' title='bbox 265 2953 295 3026; x_wconf 70' lang='lat'><strong>2)</strong></span> <span class='ocrx_word' id='word_1_207' title='bbox 311 2947 421 3026; x_wconf 88' lang='lat' dir='ltr'><strong>elucet,</strong></span> <span class='ocrx_word' id='word_1_208' title='bbox 445 2949 500 3033; x_wconf 93' lang='lat' dir='ltr'><strong>qui</strong></span> <span class='ocrx_word' id='word_1_209' title='bbox 512 2949 716 3014; x_wconf 89' lang='lat' dir='ltr'><strong>Sauromatas</strong></span> <span class='ocrx_word' id='word_1_210' title='bbox 739 2949 925 3014; x_wconf 87' lang='lat' dir='ltr'><strong>aSarmatis</strong></span> <span class='ocrx_word' id='word_1_211' title='bbox 940 2949 1090 3016; x_wconf 91' lang='lat' dir='ltr'><strong>distincte</strong></span> <span class='ocrx_word' id='word_1_212' title='bbox 1107 2949 1256 3014; x_wconf 86' lang='lat' dir='ltr'><strong>secernit.</strong></span> 
     </span>
     <span class='ocr_line' id='line_1_27' title="bbox 95 3053 1258 3142; baseline 0.004 -25"><span class='ocrx_word' id='word_1_213' title='bbox 95 3053 175 3118; x_wconf 89' lang='lat' dir='ltr'><strong>Tum</strong></span> <span class='ocrx_word' id='word_1_214' title='bbox 196 3054 280 3138; x_wconf 89' lang='lat' dir='ltr'><strong>quod</strong></span> <span class='ocrx_word' id='word_1_215' title='bbox 303 3054 455 3139; x_wconf 86' lang='lat' dir='ltr'><strong>Seymnus</strong></span> <span class='ocrx_word' id='word_1_216' title='bbox 477 3055 517 3121; x_wconf 91' lang='lat' dir='ltr'><strong>de</strong></span> <span class='ocrx_word' id='word_1_217' title='bbox 539 3056 735 3121; x_wconf 88' lang='lat' dir='ltr'><strong>Sauromatis</strong></span> <span class='ocrx_word' id='word_1_218' title='bbox 757 3055 861 3131; x_wconf 84' lang='lat' dir='ltr'><strong>affert,</strong></span> <span class='ocrx_word' id='word_1_219' title='bbox 883 3056 1026 3142; x_wconf 89' lang='lat' dir='ltr'><strong>quicum</strong></span> <span class='ocrx_word' id='word_1_220' title='bbox 1041 3055 1258 3122; x_wconf 82' lang='lat' dir='ltr'><strong>Amazonibus</strong></span> 
     </span>
     <span class='ocr_line' id='line_1_28' title="bbox 93 3160 1257 3246; baseline 0.001 -21"><span class='ocrx_word' id='word_1_221' title='bbox 93 3179 112 3225; x_wconf 92' lang='lat' dir='ltr'><strong>e</strong></span> <span class='ocrx_word' id='word_1_222' title='bbox 133 3162 262 3246; x_wconf 88' lang='lat' dir='ltr'><strong>regione</strong></span> <span class='ocrx_word' id='word_1_223' title='bbox 283 3162 325 3228; x_wconf 91' lang='lat' dir='ltr'><strong>ad</strong></span> <span class='ocrx_word' id='word_1_224' title='bbox 337 3161 603 3227; x_wconf 84' lang='lat' dir='ltr'><strong>Thermodontem</strong></span> <span class='ocrx_word' id='word_1_225' title='bbox 626 3162 689 3228; x_wconf 89' lang='lat' dir='ltr'><strong>sita</strong></span> <span class='ocrx_word' id='word_1_226' title='bbox 708 3163 743 3226; x_wconf 94' lang='lat' dir='ltr'><strong>in</strong></span> <span class='ocrx_word' id='word_1_227' title='bbox 763 3161 843 3228; x_wconf 91' lang='lat' dir='ltr'><strong>haec</strong></span> <span class='ocrx_word' id='word_1_228' title='bbox 862 3162 932 3228; x_wconf 92' lang='lat' dir='ltr'><strong>loca</strong></span> <span class='ocrx_word' id='word_1_229' title='bbox 955 3163 1069 3228; x_wconf 91' lang='lat' dir='ltr'><strong>delatis</strong></span> <span class='ocrx_word' id='word_1_230' title='bbox 1086 3160 1257 3238; x_wconf 89' lang='lat' dir='ltr'><strong>coniuncti,</strong></span> 
     </span>
     <span class='ocr_line' id='line_1_29' title="bbox 92 3261 1258 3354; baseline -0.003 -20"><span class='ocrx_word' id='word_1_231' title='bbox 92 3261 457 3353; x_wconf 76' lang='lat' dir='ltr'><strong>Puvccaoapcsdcpeuoc</strong></span> <span class='ocrx_word' id='word_1_232' title='bbox 476 3273 583 3333; x_wconf 91' lang='lat' dir='ltr'><strong>essent</strong></span> <span class='ocrx_word' id='word_1_233' title='bbox 604 3268 697 3353; x_wconf 86' lang='lat' dir='ltr'><strong>dicti,</strong></span> <span class='ocrx_word' id='word_1_234' title='bbox 720 3288 783 3333; x_wconf 93' lang='lat' dir='ltr'><strong>non</strong></span> <span class='ocrx_word' id='word_1_235' title='bbox 802 3289 842 3332; x_wconf 86' lang='lat' dir='ltr'><strong>ex</strong></span> <span class='ocrx_word' id='word_1_236' title='bbox 863 3267 984 3352; x_wconf 90' lang='lat' dir='ltr'><strong>Ephori</strong></span> <span class='ocrx_word' id='word_1_237' title='bbox 1003 3269 1131 3354; x_wconf 86' lang='lat' dir='ltr'><strong>notitia,</strong></span> <span class='ocrx_word' id='word_1_238' title='bbox 1159 3288 1258 3354; x_wconf 85' lang='lat' dir='ltr'><strong>quam</strong></span> 
     </span>
     <span class='ocr_line' id='line_1_30' title="bbox 92 3372 1257 3460; baseline 0.003 -21"><span class='ocrx_word' id='word_1_239' title='bbox 92 3372 210 3440; x_wconf 87' lang='lat' dir='ltr'><strong>Strabo</strong></span> <span class='ocrx_word' id='word_1_240' title='bbox 231 3393 357 3460; x_wconf 91' lang='lat' dir='ltr'><strong>quoque</strong></span> <span class='ocrx_word' id='word_1_241' title='bbox 376 3374 505 3439; x_wconf 92' lang='lat' dir='ltr'><strong>minime</strong></span> <span class='ocrx_word' id='word_1_242' title='bbox 527 3375 677 3460; x_wconf 85' lang='lat' dir='ltr'><strong>respexit,</strong></span> <span class='ocrx_word' id='word_1_243' title='bbox 697 3375 899 3459; x_wconf 88' lang='lat' dir='ltr'><strong>desumptum</strong></span> <span class='ocrx_word' id='word_1_244' title='bbox 920 3380 978 3460; x_wconf 85' lang='lat' dir='ltr'><strong>est,</strong></span> <span class='ocrx_word' id='word_1_245' title='bbox 997 3375 1053 3440; x_wconf 90' lang='lat' dir='ltr'><strong>sed</strong></span> <span class='ocrx_word' id='word_1_246' title='bbox 1072 3396 1112 3440; x_wconf 84' lang='lat' dir='ltr'><strong>ex</strong></span> <span class='ocrx_word' id='word_1_247' title='bbox 1130 3376 1187 3442; x_wconf 91' lang='lat' dir='ltr'><strong>illa</strong></span> <span class='ocrx_word' id='word_1_248' title='bbox 1201 3395 1257 3442; x_wconf 82' lang='lat' dir='ltr'><strong>no</strong></span> 
     </span>
     <span class='ocr_line' id='line_1_31' title="bbox 91 3479 1256 3567; baseline -0.001 -19"><span class='ocrx_word' id='word_1_249' title='bbox 91 3479 217 3548; x_wconf 89' lang='lat' dir='ltr'><strong>tissima</strong></span> <span class='ocrx_word' id='word_1_250' title='bbox 241 3480 359 3558; x_wconf 86' lang='lat' dir='ltr'><strong>fabula,</strong></span> <span class='ocrx_word' id='word_1_251' title='bbox 381 3485 417 3546; x_wconf 90' lang='lat' dir='ltr'><strong>ut</strong></span> <span class='ocrx_word' id='word_1_252' title='bbox 439 3479 503 3547; x_wconf 87' lang='lat' dir='ltr'><strong>iam</strong></span> <span class='ocrx_word' id='word_1_253' title='bbox 524 3481 656 3550; x_wconf 81' lang='lat' dir='ltr'><strong>verbum</strong></span> <span class='ocrx_word' id='word_1_254' title='bbox 678 3480 828 3566; x_wconf 73' lang='grc' dir='ltr'><em>λέγουσιν</em></span> <span class='ocrx_word' id='word_1_255' title='bbox 857 3479 950 3546; x_wconf 88' lang='lat' dir='ltr'><strong>huius</strong></span> <span class='ocrx_word' id='word_1_256' title='bbox 976 3480 1073 3547; x_wconf 84' lang='lat' dir='ltr'><strong>fontis</strong></span> <span class='ocrx_word' id='word_1_257' title='bbox 1100 3483 1256 3567; x_wconf 87' lang='lat' dir='ltr'><strong>originem</strong></span> 
     </span>
     <span class='ocr_line' id='line_1_32' title="bbox 93 3586 1256 3674; baseline -0.002 -17"><span class='ocrx_word' id='word_1_258' title='bbox 93 3589 247 3674; x_wconf 85' lang='lat' dir='ltr'><strong>declarat,</strong></span> <span class='ocrx_word' id='word_1_259' title='bbox 269 3588 437 3654; x_wconf 81' lang='lat' dir='ltr'><strong>emanavit.</strong></span> <span class='ocrx_word' id='word_1_260' title='bbox 481 3588 633 3654; x_wconf 87' lang='lat' dir='ltr'><strong>Attamen</strong></span> <span class='ocrx_word' id='word_1_261' title='bbox 654 3586 763 3654; x_wconf 86' lang='lat' dir='ltr'><strong>fabula</strong></span> <span class='ocrx_word' id='word_1_262' title='bbox 779 3587 844 3666; x_wconf 89' lang='lat' dir='ltr'><strong>illa,</strong></span> <span class='ocrx_word' id='word_1_263' title='bbox 868 3605 963 3672; x_wconf 86' lang='lat' dir='ltr'><strong>quam</strong></span> <span class='ocrx_word' id='word_1_264' title='bbox 984 3593 1093 3653; x_wconf 90' lang='lat' dir='ltr'><strong>noster</strong></span> <span class='ocrx_word' id='word_1_265' title='bbox 1110 3587 1256 3655; x_wconf 71' lang='lat' dir='ltr'><strong>dehma</strong></span> 
     </span>
     <span class='ocr_line' id='line_1_33' title="bbox 92 3691 1258 3780; baseline -0.005 -15"><span class='ocrx_word' id='word_1_266' title='bbox 92 3717 206 3765; x_wconf 76' lang='lat' dir='ltr'><strong>sonum</strong></span> <span class='ocrx_word' id='word_1_267' title='bbox 230 3695 420 3780; x_wconf 90' lang='lat' dir='ltr'><strong>migratione</strong></span> <span class='ocrx_word' id='word_1_268' title='bbox 440 3694 559 3777; x_wconf 89' lang='lat' dir='ltr'><strong>attulit,</strong></span> <span class='ocrx_word' id='word_1_269' title='bbox 580 3694 622 3760; x_wconf 90' lang='lat' dir='ltr'><strong>ab</strong></span> <span class='ocrx_word' id='word_1_270' title='bbox 645 3713 683 3759; x_wconf 92' lang='lat' dir='ltr'><strong>ea</strong></span> <span class='ocrx_word' id='word_1_271' title='bbox 705 3691 825 3768; x_wconf 85' lang='lat' dir='ltr'><strong>differt,</strong></span> <span class='ocrx_word' id='word_1_272' title='bbox 846 3712 928 3779; x_wconf 90' lang='lat' dir='ltr'><strong>quae</strong></span> <span class='ocrx_word' id='word_1_273' title='bbox 950 3694 1036 3778; x_wconf 91' lang='lat' dir='ltr'><strong>apud</strong></span> <span class='ocrx_word' id='word_1_274' title='bbox 1057 3693 1258 3761; x_wconf 89' lang='lat' dir='ltr'><strong>Herodotum</strong></span> 
     </span>
     <span class='ocr_line' id='line_1_34' title="bbox 92 3801 1256 3888; baseline -0.003 -17"><span class='ocrx_word' id='word_1_275' title='bbox 92 3805 225 3888; x_wconf 87' lang='lat' dir='ltr'><strong>legitur,</strong></span> <span class='ocrx_word' id='word_1_276' title='bbox 249 3804 303 3886; x_wconf 92' lang='lat' dir='ltr'><strong>qui</strong></span> <span class='ocrx_word' id='word_1_277' title='bbox 325 3803 500 3867; x_wconf 85' lang='lat' dir='ltr'><strong>Amazones</strong></span> <span class='ocrx_word' id='word_1_278' title='bbox 522 3821 677 3867; x_wconf 91' lang='lat' dir='ltr'><strong>unacum</strong></span> <span class='ocrx_word' id='word_1_279' title='bbox 700 3801 826 3887; x_wconf 87' lang='lat' dir='ltr'><strong>Scythis</strong></span> <span class='ocrx_word' id='word_1_280' title='bbox 847 3802 881 3866; x_wconf 92' lang='lat' dir='ltr'><strong>in</strong></span> <span class='ocrx_word' id='word_1_281' title='bbox 900 3801 981 3867; x_wconf 87' lang='lat' dir='ltr'><strong>haec</strong></span> <span class='ocrx_word' id='word_1_282' title='bbox 999 3801 1152 3869; x_wconf 72' lang='lat' dir='ltr'><strong>mansfert</strong></span> <span class='ocrx_word' id='word_1_283' title='bbox 1175 3801 1256 3882; x_wconf 87' lang='lat' dir='ltr'><strong>loca,</strong></span> 
     </span>
     <span class='ocr_line' id='line_1_35' title="bbox 93 3906 1255 3995; baseline -0.001 -21"><span class='ocrx_word' id='word_1_284' title='bbox 93 3928 156 3995; x_wconf 90' lang='lat' dir='ltr'><strong>quo</strong></span> <span class='ocrx_word' id='word_1_285' title='bbox 178 3907 348 3974; x_wconf 90' lang='lat' dir='ltr'><strong>secundum</strong></span> <span class='ocrx_word' id='word_1_286' title='bbox 372 3906 539 3992; x_wconf 85' lang='lat' dir='ltr'><strong>Scymnum</strong></span> <span class='ocrx_word' id='word_1_287' title='bbox 568 3908 689 3976; x_wconf 87' lang='lat' dir='ltr'><strong>directo</strong></span> <span class='ocrx_word' id='word_1_288' title='bbox 714 3929 808 3975; x_wconf 86' lang='lat' dir='ltr'><strong>cursu</strong></span> <span class='ocrx_word' id='word_1_289' title='bbox 835 3906 1043 3977; x_wconf 78' lang='lat' dir='ltr'><strong>advenerunt.</strong></span> <span class='ocrx_word' id='word_1_290' title='bbox 1087 3908 1176 3988; x_wconf 83' lang='lat' dir='ltr'><strong>Quae</strong></span> <span class='ocrx_word' id='word_1_291' title='bbox 1201 3927 1255 3974; x_wconf 88' lang='lat' dir='ltr'><strong>res</strong></span> 
     </span>
    </p>
   </div>
   <div class='ocr_carea' id='block_1_3' title="bbox 196 4072 494 4234">
    <p class='ocr_par' dir='ltr' id='par_1_4' title="bbox 196 4072 494 4234">
     <span class='ocr_line' id='line_1_36' title="bbox 198 4072 418 4143; baseline 0.014 -16"><span class='ocrx_word' id='word_1_292' title='bbox 198 4072 418 4143; x_wconf 50' lang='lat' dir='ltr'><strong>&amp;Mum</strong></span> 
     </span>
     <span class='ocr_line' id='line_1_37' title="bbox 196 4161 494 4234; baseline 0.007 -16"><span class='ocrx_word' id='word_1_293' title='bbox 196 4161 494 4234; x_wconf 46' lang='lat' dir='ltr'><strong>&amp;Wamzm</strong></span> 
     </span>
    </p>
   </div>
   <div class='ocr_carea' id='block_1_4' title="bbox 0 0 1358 4566">
    <p class='ocr_par' dir='ltr' id='par_1_5' title="bbox 0 0 1358 4566">
     <span class='ocr_line' id='line_1_38' title="bbox 0 0 1358 4566; baseline 0 0"><span class='ocrx_word' id='word_1_294' title='bbox 0 0 1358 4566; x_wconf 95' lang='lat' dir='ltr'><strong> </strong></span> 
     </span>
    </p>
   </div>
  </div>
 </body>
</html>
