2706 4566
98 412 118 455 a
151 389 287 454 Graecis
323 392 500 468 depravate
530 408 631 470 quum
667 396 742 472 iter,
779 408 844 470 quo
879 392 941 453 hee
976 374 1094 469 gentes
1135 394 1170 452 in
1204 407 1262 452 eas
1317 372 1319 377 ¹

98 501 308 577 pervenerint
331 502 502 576 regiones,
521 507 591 560 tum
621 500 717 563 etlam
744 505 893 577 tempus,
919 508 984 578 quo
1003 501 1103 562 altera
1125 501 1262 560 alterum

99 609 295 682 secutast,
320 607 489 666 deliniunt.
540 608 648 681 Quum
671 610 759 668 enim
781 609 923 685 Assyrii,
945 607 1098 684 Syrorum
1128 608 1262 668 nomine

98 735 116 775 a
139 716 274 776 Graecis
295 715 463 790 appellati,
493 716 561 774 iam
584 717 762 793 antiquitus
792 717 949 792 usquein
980 717 1059 774 liaeo
1085 717 1158 777 loos
1176 715 1264 776 fines

102 839 181 884 suos
202 827 452 898 propagassent,
472 838 545 881 cum
563 823 669 882 Medls
690 824 828 899 aliisque
844 823 990 898 pluribus
1007 823 1161 898 gentibus
1185 840 1263 882 oon·

105 933 217 991 sooiati
242 930 281 989 ad
304 930 399 990 Pontl
422 944 512 990 oram
537 932 682 1006 emporia
705 933 879 1008 habebant,
902 947 985 1008 quos
1009 926 1139 1000 Graeci,
1160 946 1260 1007 quum

105 1039 314 1115 Assyriorum
338 1042 371 1096 et
389 1037 560 1097 Medorum
583 1045 699 1114 gentes
723 1040 921 1105 clarissimae
942 1040 1047 1114 iisqne
1069 1038 1263 1097 notissimae

104 1154 226 1222 essent,
250 1162 360 1202 earnm
383 1143 744 1221 nomineSyro=Madni‚
768 1147 853 1223 qnod
878 1154 895 1203 n
919 1142 1052 1222 Scylace
1076 1146 1135 1204 snb
1158 1147 1265 1204 forma

106 1252 267 1330 Syrmatai
294 1258 456 1311 servatum
481 1258 541 1318 est,
559 1254 775 1311 nominarunt.
823 1256 927 1328 Atque
946 1254 1006 1311 hae
1032 1262 1159 1330 gentes,
1180 1264 1263 1328 quas

98 1362 180 1419 ¹alum
202 1359 387 1436 pleraeque,
411 1363 446 1416 ut
461 1361 600 1433 prlmum
614 1376 744 1436 agmen,
767 1374 805 1418 ex
822 1361 899 1418 Asia
918 1364 1048 1418 secutae
1061 1365 1147 1426 sunt,
1162 1374 1262 1435 quum

100 1469 141 1525 ob
174 1466 418 1524 similitudinem
450 1481 578 1524 morum
607 1466 824 1544 habitusque,'
844 1472 930 1543 tum,
960 1467 1045 1543 qnod
1075 1466 1261 1540 gravlssimi

100 1573 258 1634 momenti
281 1581 349 1650 est,
372 1581 503 1646 propter
534 1588 718 1632 sermonem
751 1573 837 1632 haud
868 1573 1069 1651 dissimilem,
1081 1573 1104 1646 ¹)
1135 1574 1262 1648 propin·

100 1680 234 1757 quitatis
258 1679 388 1738 vinculo
413 1679 606 1738 coniunctae
630 1680 661 1738 in
687 1681 783 1739 unius
805 1681 916 1755 populi
928 1695 1045 1755 corpus
1060 1679 1262 1750 coaluerunt,

101 1795 199 1863 atque
224 1784 487 1845 Sauromatarum
510 1788 562 1845 vel
586 1786 695 1862 potius
710 1786 932 1862 Syrmatarum
956 1788 1048 1863 qnasi
1070 1786 1263 1862 gentilitatis

102 1893 269 1953 communi
291 1893 424 1952 nomine
448 1911 466 1951 a
490 1893 624 1954 Grneois
645 1895 903 1968 comprehensae
927 1900 1010 1954 sunt.

102 2022 411 2042 min—u·-

204 2099 224 2167 ¹)
243 2098 296 2156 ofr.
321 2099 490 2169 Sohaffarik,
520 2099 596 2156 Slsv.
619 2100 743 2157 Altertlr.
765 2103 808 2156 ed.
838 2102 959 2157 Wnttlre
979 2104 991 2159 l
1013 2120 1040 2172 p.
1061 2104 1121 2160 359.
1138 2103 1265 2160 Boeolrh.

102 2187 185 2256 Oorp.
202 2188 327 2256 inscript.
347 2189 396 2243 Gr.
414 2190 441 2246 ll
459 2207 486 2259 p.
505 2192 555 2244 112
591 2192 650 2247 lll.
