2706 4566
565 215 773 276 ..40.-

92 381 278 469 posterioris
300 398 371 447 esse
393 378 541 464 originis,
567 379 651 461 quod
671 399 710 443 ex
731 379 879 462 opinione
900 379 1040 456 demum,
1070 398 1134 462 que
1154 378 1252 462 palus

92 494 172 558 haec
194 511 264 556 cum
285 490 411 554 Oceano
441 488 608 552 coniuncta
628 485 731 551 Ponto
759 506 875 568 aquam
900 486 1075 551 immittens
1103 505 1174 552 eum
1197 506 1254 571 ge·

92 601 200 664 ruisse
220 597 406 682 putabatur,
427 595 461 660 in
482 594 660 659 naturalem
682 598 715 659 et
734 593 955 676 antiquissimo
976 594 1112 676 tempori
1129 614 1255 661 accom-

92 707 255 779 modatum
275 704 403 768 modum
426 702 602 767 derivatum
630 707 687 766 est.
733 701 823 767 Haec
844 707 955 767 nostra
974 702 1132 768 sententia
1153 722 1256 785 quum

91 814 125 876 in
148 813 339 876 Graecorum
359 810 399 874 de
421 809 481 874 hac
508 808 626 893 palude
647 810 795 892 opinione
816 810 1046 884 vetustissima,
1071 828 1168 892 quam
1190 809 1255 877 He

91 917 222 983 rodotus
255 920 288 981 et
315 915 465 1000 Polybius
493 916 657 982 nobiscum
686 917 933 998 communicant,
972 920 1039 980 tum
1069 916 1255 984 innomine

91 1026 161 1109 ipso
181 1024 320 1108 Μαιῆτις
328 1029 351 1099 1)
373 1024 495 1106 nititur,
524 1025 575 1089 cui
601 1024 712 1088 eadem
741 1024 825 1087 inest
852 1023 945 1087 radix
973 1027 1070 1103 atque
1089 1023 1255 1090 vocabulis

91 1125 238 1216 μή-τηρ,
259 1134 385 1196 mater
410 1131 504 1215 etna)
528 1135 560 1195 et
580 1151 651 1196 cum
672 1131 769 1196 verbo
784 1125 955 1213 μαιόομαι,
976 1133 1129 1210 tanquam
1150 1131 1252 1195 nutri·

92 1259 159 1303 cem
183 1235 376 1320 significans,
398 1237 606 1320 coniunctum,
629 1258 667 1302 ex
690 1237 837 1320 Scythico
859 1237 953 1300 huius
974 1235 1101 1319 paludis
1123 1237 1253 1302 nomine

92 1343 310 1420 Temarunda,
334 1343 399 1408 sive
421 1350 523 1410 mater
543 1330 677 1421 inertes)
699 1346 852 1410 tralatum
874 1343 1001 1408 videtur
1024 1363 1102 1408 esse.

197 1492 455 1558 Sauromatarum
485 1497 610 1578 gentem
634 1493 796 1576 quandam
819 1476 860 1558 ab
882 1493 1067 1558 mulieribus
1088 1491 1159 1578 regi
1180 1492 1252 1579 Scy·

91 1597 144 1662 lax
179 1598 263 1664 dicit.
317 1599 512 1665 Vocabulum
547 1593 906 1685 γυναικοκρατούμενος
939 1619 1053 1664 nomen
1086 1601 1253 1684 proprium

94 1705 286 1790 significare,
319 1707 481 1788 nequead
503 1706 728 1773 describendos
751 1707 954 1771 Sauromatas
977 1705 1159 1789 appositum
1183 1726 1253 1773 esse

93 1835 110 1878 e
143 1814 283 1890 ratione,
325 1834 387 1896 qua
426 1812 488 1878 hae
527 1816 759 1899 coniunguntur
797 1820 923 1898 gentes,
965 1818 1116 1896 apparet,
1154 1819 1188 1878 et
1209 1817 1254 1894 ,eo

92 1920 328 2003 comprobatur,
359 1920 444 2004 quod
470 1921 668 1987 Maeotarum
695 1942 772 2006 gens
786 1920 1151 2005 Gynaecocratumenos,
1175 1939 1255 2002 quos

94 2027 210 2112 Scylax
232 2048 271 2092 ex
292 2026 403 2092 ordine
425 2033 620 2111 postremum
651 2029 884 2113 appellaverat,
913 2049 1015 2110 neque
1038 2027 1254 2111 Sauromatas,

93 2137 120 2200 si
148 2155 259 2201 revera
284 2134 344 2199 hoc
370 2135 589 2218 comprehensi
614 2140 721 2200 essent
739 2136 878 2212 nomine,
905 2135 1064 2217 sequitur,
1096 2139 1195 2217 atque
1214 2136 1255 2203 ob

91 2240 174 2307 hanc
218 2261 284 2306 rem
326 2262 396 2305 cum
436 2240 589 2306 Hudsone
622 2236 1001 2326 Povurxoapurodpevor‚
1043 2260 1146 2324 neque
1183 2262 1255 2308 cum

92 2349 244 2414 Muellero
279 2343 658 2432 γυναικοκρατούμενον,
690 2355 725 2413 ut
753 2350 827 2415 libri
857 2349 1020 2428 exhibent,
1050 2349 1256 2415 scribendum

93 2462 150 2523 est.
196 2455 265 2522 Hoc
288 2477 400 2520 nomen
423 2455 543 2521 Graece
564 2457 730 2535 tralatum,
762 2458 827 2523 sive
849 2479 887 2522 ex
909 2459 1045 2542 ingenuo
1067 2456 1141 2523 huic
1164 2458 1255 2542 genti

93 2563 223 2647 proprio
243 2562 369 2627 nomine
390 2561 590 2646 desumptum
613 2584 692 2647 esse,
723 2565 787 2630 sive
807 2565 903 2629 moris
925 2564 973 2629 vel
993 2563 1132 2629 instituti
1151 2564 1257 2631 cuius·

95 2671 169 2737 dam
188 2671 375 2756 singularia,
408 2692 425 2735 e
455 2691 516 2753 quo
546 2692 700 2737 summam
729 2676 923 2755 potestatem
953 2671 1100 2736 mulieres
1122 2672 1256 2756 reginae

94 2784 253 2855 tenerent,
285 2778 475 2861 designandi
498 2799 611 2862 causa,
647 2780 806 2845 exstitisse
828 2777 1028 2843 manifestum
1050 2782 1106 2843 est.
1148 2778 1256 2862 Atque

94 2905 179 2969 mos,
214 2905 231 2949 e
262 2905 323 2966 quo
350 2905 472 2948 summa
497 2886 623 2969 imperii
647 2881 744 2969 penes
771 2886 898 2969 reginas
922 2888 1022 2961 esset,
1062 2904 1257 2968 quamquam

95 2991 221 3056 omnino
245 3010 308 3054 non
330 2996 380 3053 est
401 2977 500 3055 novus
523 3011 626 3073 neque
646 2991 863 3069 inexauditus
884 2995 1026 3056 attamen
1038 2990 1126 3055 haud
1146 2992 1256 3076 vulga-

95 3101 139 3164 ris
162 3102 194 3164 et
214 3097 439 3162 aGraecorum
454 3097 608 3161 institutis
623 3099 843 3162 alienissimus.
874 3097 943 3174 Qua
962 3096 1001 3162 de
1023 3117 1134 3180 causa,
1157 3116 1256 3179 quum

94 3205 210 3272 similia
232 3203 393 3278 instituta,
424 3223 505 3284 quae
531 3196 617 3286 apud
640 3205 773 3289 Scythas
802 3207 972 3290 praecipue
1000 3205 1255 3290 inveniebantur,

94 3313 136 3378 ad
157 3312 349 3378 Graecorum
369 3311 547 3394 opinionem
567 3313 694 3377 minime
716 3313 931 3391 convenirent,
973 3313 1013 3377 de
1045 3312 1096 3377 his
1127 3332 1256 3397 quoque

95 3421 221 3506 populis
243 3420 350 3484 variae
364 3416 665 3484 circumferebantur
688 3421 905 3496 narrationes,
925 3441 1007 3502 quae
1027 3426 1140 3486 auctae
1156 3428 1256 3505 atque

96 3530 266 3592 exornatae
288 3523 516 3608 multiplicibus
538 3527 739 3605 commentis,
763 3531 811 3591 tot
832 3505 1013 3592 fabularum
1034 3547 1163 3592 causam
1187 3548 1255 3593 sus·

95 3634 206 3698 tinent.
235 3630 314 3696 Inde
335 3630 518 3709 mulierum,
545 3637 581 3696 ut
596 3631 829 3710 Semiramidis,
853 3654 936 3715 quae
959 3634 1085 3700 omnino
1106 3633 1257 3702 fabulosa

95 3840 402 3856 Μ

201 3979 222 4045 ¹)
242 3974 292 4030 oft.
311 3971 435 4031 Boeoku
452 3974 535 4041 corp.
554 3975 663 4043 inscrpt
682 3976 711 4030 11
730 3992 757 4044 p.

199 4067 222 4133 ²)
240 4064 297 4118 vid.
314 4064 416 4133 Ritter,
434 4063 566 4120 Vorhalle
584 4083 610 4134 p.
632 4067 688 4120 161.
708 4082 749 4136 sg.

201 4154 223 4221 ¹)
243 4153 305 4208 Plin
322 4154 361 4209 VI
378 4151 403 4222 7,
421 4155 463 4208 20.
