2706 4566
564 216 778 286 ..24-

194 390 394 454 Gelonornm
410 393 554 469 gentem,
569 407 653 470 quae
672 393 706 453 in
720 391 841 467 Orphei
857 390 1090 469 Argonautiols
1101 390 1124 472 ¹)
1140 391 1249 456 Maeo-

92 508 143 560 tas
165 500 323 577 sequitur,
346 500 453 576 magis
476 499 517 561 ad
539 501 798 576 septentrionem
821 499 906 560 ultra
928 499 1092 574 Maeotae,
1115 500 1185 562 sive
1207 499 1250 562 ad

90 605 264 668 Maeotidis
281 620 381 680 oram,
406 607 475 670 sive
496 624 564 670 non
580 606 694 684 procul
716 607 757 667 ab
780 623 829 680 ea,
852 623 953 685 quum
974 607 1062 668 fama
1084 606 1125 668 de
1145 608 1186 668 iis
1209 606 1250 668 ad

90 715 301 790 Argonautas
323 715 539 789 pervenisset,
558 715 656 777 sedes
678 714 862 775 obtinuisse
885 730 1024 776 necesse
1047 719 1108 774 est.
1154 713 1251 775 Gelo·

92 837 208 881 norum
231 819 346 883 urbem
369 821 555 883 Herodotus
564 821 590 901 ²)
612 823 645 882 in
667 821 878 893 Budinornm,
902 837 985 900 quos
1006 835 1074 880 non
1096 823 1192 895 recte,
1215 823 1252 881 ut

91 929 164 1003 ipse
193 926 299 999 addit,
330 925 446 989 Graeci
477 927 676 991 Gelonorum
707 929 840 990 nomine
876 927 1099 1005 appellabant,
1131 927 1252 987 finibus

59 1033 61 1038 '
93 1037 337 1096 commemorat.
378 1035 484 1109 Quum
498 1053 579 1099 vero
595 1054 635 1099 ex
646 1037 804 1098 Herodoti
820 1037 974 1112 opinione
983 1034 1007 1110 ³)
1028 1033 1145 1095 Rudini
1168 1032 1254 1094 ultra

92 1141 311 1212 Sauromatas,
334 1142 399 1218 qni,
421 1146 457 1202 ut
479 1158 577 1220 supra
599 1144 752 1216 vidimus,
773 1143 806 1203 in
831 1142 981 1203 orientali
999 1138 1173 1200 Maeotidis
1195 1155 1253 1199 ora

93 1247 299 1319 habitabant,
335 1247 432 1309 sedes
469 1251 676 1326 possiderent
707 1243 983 1330 (υπεροικέουσι),
1021 1248 1105 1306 fines
1137 1261 1253 1306 eorum

92 1357 133 1416 ab
155 1355 236 1415 mari
258 1355 320 1416 iter
341 1355 527 1433 quindecim
551 1358 676 1420 dierum
700 1359 865 1428 abessent,
885 1355 1004 1432 quibus
1027 1352 1109 1415 locis
1131 1355 1166 1414 et
1186 1350 1251 1412 Ge-

92 1463 197 1534 lones,
221 1462 276 1538 qui
298 1462 485 1537 promiscue
502 1464 703 1528 Budinornm
726 1465 859 1525 nomine
879 1458 1137 1536 appellabantur,
1160 1456 1252 1517 habi·

91 1576 182 1630 tasse
205 1571 382 1643 oporteret.
427 1571 583 1632 Attamen
614 1573 679 1632 iam
708 1572 789 1632 haec
811 1585 864 1629 res
885 1565 1045 1627 Herodoti
1068 1564 1253 1626 sententiae

92 1689 275 1751 repugnare
291 1672 429 1754 videtur,
451 1677 547 1753 quod,
568 1679 644 1754 ipo
658 1683 802 1754 auctore,
821 1675 937 1736 Geloni
950 1672 1124 1732 maximam
1136 1671 1251 1730 urbem

91 1781 269 1843 incoluisse
284 1779 485 1856 dicebantur,
507 1785 563 1861 qui
575 1801 677 1863 quum
692 1784 826 1861 originis
838 1781 983 1842 Graecae
996 1772 1147 1852 fuissent,
1171 1777 1252 1838 deos

93 1889 290 1951 craecorum
327 1891 360 1948 et
390 1891 512 1966 templa
535 1890 696 1953 Graecum
724 1893 757 1951 in
780 1889 914 1951 modum
935 1888 1102 1948 exstructa
1123 1888 1157 1944 et
1178 1897 1252 1944 aras

93 2005 126 2058 et
151 2000 278 2057 statuas
300 1999 334 2057 et
361 1996 465 2059 festos
495 1999 737 2077 sollemnesque
765 1999 835 2060 dies
864 1993 1000 2071 Dionysi
1026 1991 1192 2053 habebant
1220 1994 1253 2052 et

93 2120 245 2166 sermone
270 2102 396 2164 Graeco
426 2121 530 2182 aeque
558 2123 597 2168 ac
627 2105 780 2184 Scythico
809 2105 999 2166 utebantur:
1029 2115 1112 2178 quae
1142 2099 1253 2159 omnia

93 2213 177 2272 inter
210 2208 336 2271 medias
359 2210 569 2274 barbarorum
592 2213 791 2275 Budinornm
825 2215 942 2288 gentes
962 2217 1031 2269 tam
1050 2207 1134 2267 mira
1154 2209 1253 2282 atque

92 2315 294 2378 incredibilia
324 2320 415 2388 sunt,
446 2321 482 2378 ut
510 2322 624 2396 negari
660 2337 727 2383 non
756 2319 877 2396 possit,
905 2313 1112 2376 Herodotum
1145 2311 1252 2372 vadas

90 2424 298 2484 narrationes
326 2424 552 2487 conturbasse.
603 2429 685 2488 Nam
716 2424 802 2504 quod
828 2421 1077 2484 Geloni-Graeci
1102 2434 1121 2479 e
1150 2417 1251 2477 Grae·

94 2548 207 2593 corum
230 2531 368 2592 coloniis
381 2532 519 2609 expulsi,
542 2552 561 2595 a
582 2529 727 2607 Budinis,
750 2525 1252 2611 adquos,quamvistan1longe

93 2639 134 2698 ab
164 2637 243 2697 mari
265 2637 441 2710 abessent,
468 2640 623 2718 profecti,
649 2641 853 2718 hospitaliter
879 2639 920 2698 ab
947 2638 987 2698 iis
1017 2633 1145 2710 excepti
1166 2635 1253 2703 sunt,

93 2749 127 2805 et
137 2761 334 2822 quamquam
350 2745 609 2823 locupletissimi,
629 2751 703 2812 sine
715 2747 781 2810 ullo
791 2745 937 2824 periculo
947 2741 1156 2803 barbararum
1172 2754 1253 2815 gen·

92 2853 190 2922 tium,
218 2851 320 2930 quieti
349 2856 569 2930 prosperrime
599 2872 652 2919 res
674 2857 851 2935 gerebant,
874 2857 942 2913 tam
964 2851 1148 2924 incongrua
1175 2849 1253 2905 sunt

93 2965 193 3036 atque
215 2974 235 3016 a
256 2973 336 3017 vero
356 2959 542 3034 abhorrent,
568 2969 613 3041 ut,
636 2980 735 3041 quum
754 2965 821 3024 hoc
844 2974 975 3038 quoque
997 2954 1139 3025 accedat,
1164 2952 1253 3030 quod

93 3066 295 3126 Gelonorum
323 3065 402 3126 urbs
425 3070 565 3129 maxima
588 3086 663 3132 esse
684 3071 860 3142 dicebatur,
877 3078 1087 3144 quamquam,
1109 3066 1146 3121 ut
1163 3062 1253 3121 recte

92 3175 157 3233 iam
180 3172 371 3235 Hommaire
392 3174 431 3236 de
454 3177 547 3240 Helle
557 3177 585 3254 4)
613 3178 852 3257 animadvertit,
875 3172 1021 3236 coloniae
1038 3168 1197 3243 anema
1214 3167 1252 3225 in

93 3282 173 3340 haec
197 3273 355 3343 deductae
375 3284 464 3357 loca,
493 3287 653 3348 stationes
677 3291 805 3348 tantum
827 3286 990 3346 mercatus
1013 3276 1156 3338 habendi
1177 3291 1252 3336 cau·

95 3411 131 3455 sa
150 3391 276 3467 positae
298 3396 409 3462 erant,
444 3394 554 3463 omnia
575 3395 657 3455 haec
682 3395 723 3454 ab
748 3391 916 3452 Herodoto
938 3387 1036 3449 allata
1057 3384 1098 3443 ab
1122 3399 1161 3443 eo
1184 3397 1252 3441 non

93 3500 259 3560 intellecta
279 3502 376 3575 atque
398 3500 528 3559 turbata
550 3516 626 3563 esse
658 3505 802 3562 statuere
832 3499 1008 3573 possimus.
1052 3492 1153 3553 Cuius
1176 3505 1253 3550 con·

94 3605 297 3679 turbationis,
319 3622 402 3684 quae
426 3625 465 3667 ex
486 3609 585 3670 variis
607 3609 752 3669 fontibus
774 3608 888 3668 secuta
910 3610 970 3674 est,
992 3600 1135 3678 vestigia
1150 3598 1252 3656 Hero·

95 3715 192 3776 dotus
214 3714 285 3789 ipse
307 3713 423 3790 prodit,
449 3717 505 3793 qui
528 3733 628 3795 quum
652 3717 737 3777 inter
760 3718 886 3792 gentes,
909 3728 993 3790 quae
1015 3715 1105 3772 trans
1128 3702 1252 3767 Tanain

198 3903 219 3971 ¹)
237 3896 344 3970 Argon.
360 3915 389 3954 v.
407 3900 482 3955 lota.

196 3992 220 4060 ²)
239 3990 278 4045 IV
296 4004 320 4044 o.
340 3989 398 4044 108.

197 4078 381 4150 hwnss

197 4169 221 4240 ³)
240 4171 294 4225 Les
311 4171 425 4240 steppes
443 4169 478 4224 de
496 4168 524 4223 la
541 4182 599 4225 mer
617 4168 770 4240 caspienne
788 4172 842 4225 etc.
861 4166 894 4222 ¹1¹.
912 4165 961 4235 lll,
975 4181 1005 4235 p
1024 4165 1083 4220 199.
