2706 4566
609 196 820 255 *150*-

133 369 167 435 in
190 367 353 455 progressi
374 364 563 451 Scytharum
585 361 759 430 imbecilles
788 365 898 447 gentes
926 362 966 428 de
995 362 1123 429 sedibus
1152 361 1297 427 demose

133 474 221 554 baut,
243 495 346 557 neque
368 457 562 538 Graecorum
591 469 766 554 parcebant
787 468 927 554 coloniis,
950 489 1084 550 quarum
1105 467 1226 534 laboris
1243 485 1298 531 ne·

132 582 355 663 cessitatisque
367 580 521 645 clamores
544 578 577 642 in
590 576 805 661 appellatione
823 574 1058 660 δυςμενέοντες,
1083 594 1178 657 quam
1198 572 1296 656 Apol·

129 687 233 754 lonius
245 687 267 768 1)
290 685 487 751 Sauromatis
506 685 659 766 imposuit
677 689 775 766 atque
789 682 823 747 in
836 703 881 762 eo,
905 681 990 765 quod
1003 701 1057 747 eos
1075 680 1181 766 subigi
1197 680 1297 746 maxi·

129 793 174 856 mi
197 792 284 857 ducit
305 792 455 876 ponderis
465 792 512 875 2),
534 790 682 856 videntur
705 809 863 854 resonare.
908 790 1020 872 Itaque
1050 808 1159 854 everso
1188 787 1297 870 priore

130 898 242 965 ordine
263 920 379 976 rerum,
400 899 590 983 populorum
610 896 749 981 sedibus,
771 917 852 980 quae
866 896 908 960 ad
920 896 1108 962 Maeotidem
1121 896 1155 961 in
1164 894 1297 976 Europa

130 1009 238 1088 erant,
268 1026 381 1092 nouam
407 1004 644 1087 descripserunt
666 1003 816 1082 formam,
848 1003 882 1067 in
905 1023 984 1086 quos
1006 1003 1165 1067 irruentes
1184 1000 1297 1084 paula-

128 1111 186 1176 tim
212 1131 268 1176 eos
290 1111 514 1178 absorbebant.
557 1110 652 1177 Unde
672 1112 793 1194 evenit,
819 1115 855 1175 ut
876 1110 1136 1176 Sauromatarum
1158 1126 1300 1174 resnou

132 1218 201 1283 sine
220 1217 328 1283 furore
351 1223 469 1302 gestae,
492 1218 678 1283 memoriam
701 1237 824 1300 eorum,
851 1237 933 1300 quae
956 1221 1052 1283 antea
1070 1216 1111 1282 ab
1130 1215 1203 1282 aliis
1224 1215 1301 1299 Scy·

129 1325 260 1391 tharam
283 1327 432 1410 gentibus
447 1332 521 1392 acta
542 1330 641 1404 eraut,
665 1324 882 1400 exstinxerint,
904 1328 1001 1407 atque
1014 1343 1127 1389 nomen
1145 1323 1301 1407 ipsorum,

130 1452 232 1515 aeque
253 1436 350 1514 atque
371 1432 465 1516 longe
487 1437 583 1498 antea
603 1431 792 1517 Scytharum
803 1430 830 1515 3)
857 1451 914 1512 per
936 1451 1045 1495 omnes
1068 1430 1140 1495 illas
1164 1427 1301 1494 effusum

134 1544 239 1604 terras
261 1538 303 1603 ad
327 1538 554 1623 significandas
572 1541 728 1623 regiones,
751 1559 813 1622 que
835 1538 962 1602 omnino
984 1538 1027 1602 ad
1049 1536 1303 1621 septentrionem

136 1646 218 1711 sitae
233 1644 340 1729 erant,
359 1651 546 1730 usurpatum
562 1647 612 1710 sit.
641 1647 738 1730 Atqui
750 1664 818 1710 mos
833 1644 895 1721 ille,
921 1665 938 1709 e
954 1665 1016 1727 quo
1032 1649 1139 1710 terrae
1153 1642 1303 1710 boreales

133 1750 322 1834 Scytharum
341 1752 467 1818 nomine
482 1753 749 1837 designabantur,
771 1753 804 1818 in
820 1772 899 1834 quas
915 1771 1029 1816 nomen
1042 1752 1304 1817 Sauromatarum

131 1857 274 1936 transiit,
302 1858 442 1923 nondum
472 1859 513 1924 ab
535 1861 681 1927 omnibus
705 1859 844 1924 abolitus
873 1864 935 1936 est,
958 1859 1068 1941 itaque
1098 1879 1194 1942 quum
1214 1857 1304 1923 varic

132 1963 174 2029 ab
206 1962 302 2027 variis
331 1963 411 2029 haec
439 1965 567 2029 nomina
594 1969 837 2049 usurparentur,
874 1984 997 2028 summa
1025 1965 1059 2028 in
1093 1961 1303 2047 designandis

132 2069 291 2155 gentibus,
311 2090 393 2151 quae
408 2070 466 2134 has
485 2070 673 2137 obtinebant
687 2072 813 2155 plagas,
836 2070 944 2136 existit
963 2070 1166 2154 ambiguitas.
1195 2068 1303 2146 Quare

137 2196 233 2259 quum
256 2196 360 2240 mores
385 2196 510 2259 quoquc
532 2176 645 2242 harum
668 2178 818 2261 gentium,
841 2178 896 2259 qui
918 2177 1012 2241 simili
1033 2178 1128 2242 modo
1148 2196 1168 2241 a
1186 2175 1302 2258 postis,

134 2302 213 2365 quos
235 2282 428 2365 posteriores
458 2284 558 2349 secuti
582 2291 671 2361 sunt,
704 2287 982 2364 describebantur,
1008 2293 1161 2370 tanquam
1183 2289 1305 2350 stereo-

133 2389 202 2473 typi
227 2396 333 2453 essent
356 2389 484 2475 factit),
515 2391 636 2456 nullum
658 2392 812 2460 habemus
843 2393 1035 2470 subsidium,
1067 2393 1150 2476 quod
1179 2411 1238 2457 nos
1270 2390 1306 2457 in

135 2497 354 2563 discernendis
382 2497 433 2561 his
464 2499 612 2582 gentibus
635 2503 787 2568 adiuvare
808 2501 919 2586 possit.
963 2501 1035 2566 Huc
1064 2500 1188 2566 accedit
1217 2496 1304 2582 quod

134 2605 326 2688 posteriores
355 2605 543 2689 scriptores,
572 2608 627 2691 qui
658 2590 737 2674 alios
760 2609 860 2673 secuti
882 2608 921 2672 de
943 2607 994 2672 his
1014 2607 1092 2673 locis
1113 2608 1305 2686 tractarunt,

135 2713 231 2777 simili
258 2712 383 2796 decepti
413 2735 535 2792 errore,
564 2717 754 2799 praesertim
785 2737 880 2798 quum
910 2736 1018 2781 eorum
1048 2714 1231 2781 testimonia
1261 2712 1305 2780 ad

137 2840 196 2885 sua
218 2818 375 2884 referrent
396 2825 553 2906 tempora,
575 2824 712 2890 maxime
733 2843 882 2909 perverse
902 2824 1023 2909 scripta
1045 2823 1086 2889 de
1106 2821 1306 2890 Sauromatis

137 2925 230 2991 nobis
252 2925 458 3007 reliquerunt.

240 3030 380 3107 Quorum
401 3033 540 3097 omnium
561 3034 733 3118 imaginem
763 3036 881 3118 optime
901 3053 1084 3117 expressam
1106 3034 1193 3118 apud
1216 3031 1304 3101 Stra

137 3137 252 3203 bouem
274 3138 467 3218 invenimus,
489 3140 544 3222 qui
565 3161 604 3205 ex
625 3141 722 3206 variis
744 3141 824 3206 varii
845 3142 915 3207 aevi
931 3141 1137 3224 scriptoribus
1156 3140 1305 3208 collatam

137 3245 285 3311 notitiam
302 3245 416 3310 harum
437 3246 581 3330 gentium
604 3248 696 3315 nobis
718 3246 849 3332 profert.
872 3247 1076 3313 Enumeratls
1100 3248 1184 3313 enim
1199 3243 1305 3312 ‘intsn

136 3351 282 3430 vallisb),
304 3372 385 3434 quae
407 3358 495 3419 recta
517 3355 604 3420 linea
624 3355 666 3421 ab
690 3355 797 3421 Meroe
819 3375 878 3439 per
901 3354 1041 3438 Syenen,
1065 3353 1304 3438 Alexandriam,

137 3456 303 3540 Rhodum,
328 3458 530 3543 Byzantium,
558 3461 828 3546 Borysthenisque
850 3461 979 3544 ostium,
1010 3480 1073 3544 quo
1101 3479 1203 3544 usque
1231 3479 1305 3544 sep

139 3563 331 3628 tentrionem
348 3586 458 3630 versus
475 3565 677 3635 habitaretur
695 3570 797 3652 terra,
820 3567 1005 3655 descripsit,
1035 3567 1120 3633 ultra
1136 3563 1306 3653 Borysthe-

281 3774 393 3844 Argon.
413 3776 462 3832 ΙΙΙ.
481 3778 540 3834 353.

283 3864 340 3919 ibd.
358 3864 401 3920 Ill
418 3881 443 3918 1.
463 3867 524 3923 394.

246 3776 264 3842 ¹)

241 3863 264 3931 2)
1287 3896 1300 3922 Α,

242 3952 264 4019 ⁸)
283 3951 384 4021 Em
402 3968 446 4021 ap·
467 3954 592 4012 strab-1
610 3960 696 4028 2198.
713 3959 807 4019 Strab.
825 3961 838 4017 l
856 3963 881 4031 2,
899 3963 942 4018 27.
959 3959 1010 4018 cfr.
1028 3960 1070 4015 XI
1087 3961 1113 4027 8,
1132 3959 1158 4015 2.
1181 3967 1194 3991 '1

241 4039 264 4108 ⁴)
285 4039 338 4100 cfr.
357 4039 451 4099 Strab.
469 4043 522 4101 Vll
540 4046 566 4115 3,
584 4048 653 4101 2-3
671 4052 700 4103 et
717 4051 740 4103 9,

243 4131 264 4198 ⁸)
283 4128 375 4187 Strab.
398 4132 468 4202 115,
489 4133 513 4191 7.
