2706 4566
557 217 769 280 ...38-..

95 368 211 448 natura
233 379 299 447 sive
320 379 363 446 ad
386 378 617 464 designandam
638 382 794 466 originem
814 381 927 447 harum
946 380 1102 466 gentium,
1126 378 1257 447 eiusad

95 487 284 553 imitandum
299 487 349 552 vel
363 487 560 554 irridendum
575 490 739 573 proprium
748 507 855 553 eorum
863 507 963 572 genus
974 487 1101 553 dicendi
1110 491 1259 570 spectare

96 596 251 660 videntur.
302 594 403 671 Quam
432 595 473 661 ob
502 615 570 661 rem
593 616 690 679 quum
712 616 751 661 ex
773 615 850 660 sono
872 595 1058 680 verborum,
1079 595 1135 678 qui
1158 593 1258 660 Grae·

98 722 205 766 corum
227 699 357 765 auribus
378 699 516 767 fortasse
537 703 632 768 aliter
653 724 691 768 ae
713 702 832 768 nostrie
855 701 1063 784 audiebatur,
1085 699 1165 766 nihil
1177 701 1259 766 certi

96 806 264 871 diiudicari
304 807 406 890 possit
446 828 602 890 quaenam
644 811 686 874 eit
713 808 871 875 sententia
897 808 1078 890 scriptoris,
1111 827 1150 873 ex
1186 807 1259 892 ipso

96 912 312 996 quaerendum
333 918 390 979 est.
433 914 637 981 Manifestum
656 921 721 1001 est,
750 937 770 980 a
797 920 906 980 nostro
930 913 1147 999 Syrmatarum
1180 933 1257 998 gen·

95 1029 159 1088 tem
183 1044 203 1087 a
225 1021 350 1106 Scythis
373 1028 406 1088 et
427 1045 447 1089 a
470 1023 668 1091 Sauromatis
702 1029 857 1090 secretam
887 1029 918 1089 et
954 1026 1154 1108 segregatam
1189 1023 1260 1088 eine

95 1129 159 1193 ullo
183 1129 351 1195 cuiuslibet
373 1129 539 1202 affinitatis
567 1132 691 1198 vinculo
716 1132 865 1198 distincte
887 1131 1005 1195 dictam
1027 1149 1105 1194 esee.
1145 1127 1259 1212 Neque

96 1236 194 1301 enim.
224 1237 251 1299 si
281 1256 363 1319 quae
384 1238 633 1323 propinguitatis
661 1239 745 1304 ratio
771 1239 811 1327 iis
832 1239 964 1314 inesset,
995 1240 1102 1301 noster
1129 1237 1259 1301 omnino

94 1343 153 1407 has
188 1347 299 1426 gentes
337 1346 509 1429 separatim
537 1346 751 1423 nominasset,
791 1343 1048 1428 quandoquidem
1084 1343 1185 1426 magis
1218 1343 1259 1408 iis

95 1449 290 1532 temporibus
314 1451 554 1516 accomodatum
574 1457 639 1530 est,
668 1458 704 1518 ut
725 1451 902 1535 complures
931 1455 1042 1535 gentes
1065 1468 1259 1532 quamquam

95 1557 239 1620 diversae
261 1556 404 1641 originis,
426 1557 538 1623 eadem
559 1559 733 1625 incolentes
755 1559 839 1642 loca,
863 1558 975 1624 eodem
998 1557 1125 1622 nomine
1145 1575 1260 1621 vocen-

94 1668 153 1728 tur.
199 1661 345 1727 Ceterum
357 1665 547 1730 omnishaec
568 1687 644 1748 pars
666 1666 754 1749 apud
767 1664 928 1749 Scylacem
947 1664 1100 1747 pleraque
1121 1662 1260 1746 vestigia

94 1770 181 1834 varie
218 1770 307 1834 vario
341 1774 484 1854 tempore
513 1774 634 1838 inserta
664 1772 779 1856 prodit.
822 1773 894 1838 Jam
915 1776 1030 1836 natura
1051 1769 1145 1834 huius
1168 1769 1259 1834 testi·

94 1876 190 1942 monii
209 1876 346 1941 maxime
360 1877 518 1944 Herodoti
540 1879 703 1964 admonet,
726 1876 831 1963 quum'
843 1878 927 1961 quod
949 1877 991 1943 ad
1007 1875 1155 1960 Scythiae
1175 1874 1259 1942 fines

93 1984 260 2068 attinet1),
289 1989 356 2048 tum
379 1985 419 2050 de
441 1986 596 2052 Tauricae
617 1987 747 2062 format
769 2006 870 2070 aeque
891 2008 929 2052 ac
949 1986 989 2051 de
1011 1984 1180 2050 Maeotidis
1203 2005 1259 2067 pa·

92 2090 177 2154 ludis
199 2091 449 2177 magnitudiness)
472 2093 644 2157 communis
665 2098 715 2158 est
736 2094 843 2176 opinio
865 2093 1000 2174 utrique,
1021 2110 1155 2175 quorum
1173 2096 1259 2156 uter-

93 2218 154 2279 que
187 2197 227 2261 de
256 2199 402 2264 orientali
428 2200 555 2282 paludis
582 2220 639 2266 ora
668 2200 755 2266 haud
783 2220 931 2284 magnam
960 2199 1107 2264 notitiam
1132 2197 1260 2282 profert

95 2324 227 2386 eamque
241 2325 262 2370 a
275 2306 432 2389 gentibue,
454 2326 536 2390 quae
558 2307 683 2373 latioris
703 2307 944 2395 significationis
964 2307 1091 2372 nomine
1109 2305 1260 2371 Maeotae

94 2411 312 2496 appellentur,
340 2413 435 2486 incoli
462 2414 504 2480 ab
531 2420 666 2498 utroque
689 2416 829 2481 traditur
839 2421 872 2493 ⁴).
914 2415 957 2479 At
979 2433 1018 2479 ex
1039 2413 1142 2478 altera
1162 2417 1259 2494 parte

95 2539 192 2602 grave
215 2538 340 2601 quoque
362 2520 531 2586 discrimen
551 2522 635 2587 inter
658 2543 711 2588 ece
731 2522 906 2588 intercedit.
935 2518 1037 2598 Quum
1054 2520 1137 2584 enim
1146 2525 1258 2586 noster

95 2625 238 2691 Tanaide
265 2624 360 2691 fluvio
387 2625 549 2712 Europam
575 2628 617 2694 ab
638 2630 716 2695 Asia
743 2629 842 2694 dividi
870 2632 1007 2705 statuat,
1035 2619 1220 2691 Herodotus
1229 2632 1257 2706 ⁶)

93 2733 213 2798 Phasin
235 2752 290 2796 eas
308 2731 506 2798 dirimentem
518 2734 611 2814 facit;
635 2756 710 2800 nam
728 2736 825 2802 verba
839 2732 870 2800 οἱ
883 2734 918 2798 δὲ
936 2728 1257 2816 Τάναιν...λέγουσιν

94 2838 181 2923 apud
193 2837 389 2902 Herodotum
402 2861 422 2904 a
436 2842 612 2924 posteriore
626 2843 764 2924 quodam
773 2894 783 2927 ,
806 2847 841 2907 ut
857 2841 953 2906 aliam
977 2840 1018 2905 de
1040 2837 1156 2905 finibus
1178 2840 1257 2905 utri·

93 2966 193 3029 usque
215 2950 320 3010 terrae
340 2947 442 3027 partis
466 2947 644 3030 opinionem
667 2947 805 3024 afferret,
828 2949 948 3012 ineerta
970 2951 1053 3011 eunt.
1100 2945 1257 3012 Herodoti

95 3053 134 3117 de
148 3054 243 3116 Asiae
265 3057 296 3117 et
312 3052 462 3135 Europae
483 3051 600 3120 finibus
622 3056 730 3139 opinio
750 3055 792 3121 ab
814 3055 885 3120 aliis
900 3074 1024 3137 quoque
1046 3053 1255 3135 scriptoribus

92 3160 359 3244 comprobaturi),
383 3162 438 3244 qui
451 3160 561 3226 Asiam
573 3161 710 3228 Phaside
721 3162 817 3229 fluvio
836 3162 1001 3228 terminari
1021 3164 1144 3244 putant,
1168 3158 1255 3242 quod

195 3491 216 3556 ¹)
236 3486 286 3541 afr.
305 3485 409 3539 Herod.
429 3486 467 3538 1v
487 3502 510 3540 c.
533 3488 590 3541 100.
612 3489 670 3542 101.

194 3579 218 3646 ²)
236 3575 340 3630 Herod.
360 3575 402 3628 IV
421 3590 444 3628 e.
463 3578 505 3630 99.

195 3667 217 3734 ³)
239 3663 288 3718 cfr.
308 3664 412 3718 Herod.
430 3665 472 3718 IV
491 3681 514 3721 e.
533 3667 574 3720 86.

191 3757 213 3823 ⁴)
236 3753 340 3809 Herod.
360 3754 398 3809 IV
417 3769 440 3808 c.
461 3755 522 3810 123.

194 3849 217 3915 ⁶)
236 3848 341 3902 Herod.
360 3848 400 3903 IV
421 3863 443 3902 c.
462 3847 504 3901 45.

193 3938 214 4005 ⁶)
233 3937 313 3990 Pind.
331 3937 427 3992 Iathm.
447 3938 475 3991 ΙΙ
495 3937 536 4005 61,
555 3933 689 4004 Aeschyl.
708 3935 848 3990 Prometh.
867 3937 917 3989 sol.
936 3935 964 3989 in
982 3936 1076 4005 Frgm.
1093 3930 1198 3990 Aesoh.
1222 3950 1252 4004 p.

92 4029 142 4079 190
162 4025 217 4093 (ed.
237 4025 346 4095 Didot.)
363 4027 461 4094 Eurip.
480 4023 618 4080 Androm.
636 4026 694 4078 651.
714 4025 877 4093 Hippocrat.
897 4025 921 4093 §.
941 4022 1201 4080 repetebam.
1222 4037 1253 4091 p.

92 4117 149 4168 109.
170 4113 220 4168 cfr.
239 4113 390 4182 Agathem.
411 4117 438 4184 1,
458 4116 472 4168 1
491 4117 520 4169 in
540 4115 627 4169 Hude.
650 4113 892 4183 Geogr.min.11,
911 4128 938 4180 p.
957 4114 982 4167 3.
1001 4113 1119 4182 Arriam,
1145 4112 1252 4181 Peripl.

84 4207 168 4258 Ponr.
192 4206 266 4260 Eux.
289 4205 314 4275 ξ.
337 4207 379 4261 99.
405 4207 449 4263 ed.
471 4205 595 4260 Mueller.
612 4204 761 4260 Aristotel.
782 4204 818 4260 de
841 4203 935 4259 mund.
957 4205 1008 4257 393
1020 4203 1044 4259 'b
1062 4205 1104 4272 90,
1131 4200 1252 4272 baeu
