2706 4566
567 220 778 284 -ss-

97 389 240 458 tonidem
252 389 481 468 habitantibus,
502 389 696 474 narrat,'qui
718 389 826 472 pueris
846 392 1021 474 quadrimis
1043 393 1183 476 capitum
1202 412 1253 458 ve·

95 518 154 564 nas
177 499 323 582 urebant,
344 503 380 563 ut
393 497 622 564 destillationes
635 502 876 580 praecaverent;
894 518 995 582 aeque
1007 499 1254 583 Hippocrates1)

95 604 197 670 simile
224 605 399 671 remedium
421 602 530 682 affert,
550 623 611 684 quo
639 601 775 687 Scythias
801 602 842 670 ob
869 609 1004 671 naturae
1030 605 1254 672 humiditatem

94 716 127 777 et
147 711 311 777 mollitiem
333 710 383 777 usi
406 714 488 787 sunt,
508 714 544 773 ut
565 728 699 792 co1pora
719 729 827 775 eorum
852 711 1008 778 validiora
1035 716 1068 778 et
1094 712 1254 779 habiliora

94 837 200 902 neque
225 823 292 884 tam
319 817 443 883 tumida
470 820 585 881 essent.
633 815 722 882 Haec
749 818 891 884 namatio
923 819 963 884 de
991 819 1254 886 Sauromatarum

92 923 292 1000 mulieribus,
324 944 405 1008 quae
436 942 604 989 mammam
633 942 764 989 exurere
786 924 988 1003 dicebantur,
1013 926 1133 992 nullam
1155 926 1254 992 aliam

91 1032 244 1116 originem
258 1030 367 1117 habet,
381 1037 478 1116 atque
492 1050 588 1115 quam
597 1031 791 1097 Amazonum
803 1053 927 1119 nomeu,
939 1053 1002 1099 non
1016 1040 1101 1101 recte
1112 1034 1254 1100 intellec

91 1141 168 1217 tum,
192 1158 298 1205 secum
319 1138 403 1217 tulit,
423 1157 615 1222 quamquam
633 1142 740 1205 autem
754 1138 967 1224 Hippocrates
980 1161 1051 1207 eam
1071 1161 1177 1207 rorum
1198 1161 1255 1207 na·

91 1248 184 1311 turrae
206 1245 442 1313 convenientem
462 1245 556 1329 facit,
583 1250 692 1310 tamen
720 1247 788 1311 eius
817 1246 857 1311 de
886 1247 1084 1313 sauromatis
1112 1245 1255 1332 opinioni

92 1352 193 1419 multa
227 1353 350 1432 insunt,
392 1373 475 1438 quae
508 1372 548 1418 ex
583 1353 778 1417 Ammonum
815 1351 924 1419 fabula
964 1353 1134 1438 desumpta
1167 1357 1252 1418 sunt.

92 1456 166 1526 Jam
184 1458 264 1526 haec
287 1481 398 1538 causa,
419 1459 504 1544 quod
525 1478 594 1524 mos
615 1458 812 1524 sauromatis
835 1458 973 1524 usitatus
994 1460 1069 1539 fuit,
1096 1465 1133 1525 ut
1153 1460 1256 1544 virgo,

91 1568 278 1652 priusquam
299 1569 481 1646 duceretur,
504 1566 627 1633 hostem
650 1566 794 1634 occidere
816 1567 960 1653 deberet,
990 1589 1060 1634 oum
1091 1587 1255 1634 sacrorum

92 1673 248 1758 religione
271 1672 442 1741 cohaerere
463 1673 599 1756 uidetur,
620 1692 702 1756 quae
721 1692 817 1755 quum
837 1675 1061 1759 appellationis
1074 1666 1255 1759 Οἰόρπατα,

96 1798 193 1864 quam
207 1779 343 1867 Scythae
360 1779 516 1846 Artamidi
538 1776 703 1857 dederunt,
725 1777 883 1857 admonet,
905 1785 973 1845 tum
994 1781 1028 1844 in
1049 1781 1114 1846 ritu
1130 1779 1256 1846 sollem-

95 1886 140 1970 ni,
162 1906 264 1973 quem,
288 1893 324 1954 nt
339 1887 494 1954 Herodoti
517 1891 550 1953 et
565 1885 772 1969 Hippocratis
781 1891 804 1966 ²]
828 1886 926 1953 uerba
943 1886 1116 1966 declarant,
1140 1886 1257 1952 Sauro·

95 1997 202 2061 matae
224 1995 448 2080 sequebantur,
469 1994 597 2061 videtur
616 1993 740 2078 positus
761 2013 840 2060 esse.
870 1996 1045 2062 Amazones
1062 1997 1145 2063 enim
1160 2017 1259 2081 quum

96 2099 279 2187 Artemidis,
301 2102 439 2168 numinis
459 2101 634 2187 virginalis,
656 2121 767 2167 sacrae
789 2102 954 2169 ministras
973 2104 1166 2189 uirginitatis
1182 2123 1260 2188 quo·

97 2227 159 2294 que
179 2210 320 2278 intactae
342 2230 413 2276 esse
433 2209 601 2287 deberent,
631 2228 713 2292 quae
743 2208 804 2276 dea
832 2210 968 2294 primum
996 2210 1159 2278 sacrificiis
1190 2231 1260 2276 cru-

99 2315 181 2382 enus
202 2316 381 2398 colebatur,
403 2316 497 2385 facile
518 2315 721 2396 factumest,
752 2321 788 2382 ut
814 2317 920 2401 proles
940 2338 1049 2384 earum
1071 2318 1183 2384 eadem
1203 2337 1259 2382 na·

99 2425 173 2488 tura
214 2422 403 2491 afficeretur.
459 2424 607 2489 Getarum
652 2423 859 2509 Hippocratis
897 2423 1010 2490 verba:
1051 2415 1173 2488 θύουσι
1207 2422 1261 2507 τῷ

99 2522 231 2615 ἐννόμῳ
273 2532 307 2595 in
340 2531 432 2597 libris
476 2530 562 2596 uarie
593 2529 714 2613 scripta
747 2533 844 2611 atque
875 2528 966 2596 falsa'
988 2535 1075 2608 sunt,
1110 2528 1261 2613 quoniam

101 2657 161 2724 pro
194 2637 349 2704 vocabulo
381 2637 431 2722 τῷ
460 2634 591 2722 ἒννομῳ
619 2649 733 2702 nomen
759 2637 922 2720 proprium
950 2634 1002 2702 dei
1028 2636 1078 2703 vel
1104 2635 1191 2713 deae]
1210 2635 1263 2701 cui

102 2743 358 2822 sacrificabatur,
384 2744 596 2810 desideratur.
641 2743 747 2826 Atque
774 2743 860 2826 quod
883 2741 1142 2810 Sauromatarum
1169 2742 1261 2808 muli·

102 2873 173 2920 eres
193 2852 365 2920 bellicosae
385 2858 521 2920 naturae
549 2852 710 2936 animique
731 2850 831 2917 uirilis
851 2855 958 2936 erant,
984 2872 1086 2934 aeque
1111 2871 1149 2916 ac
1175 2848 1263 2933 quod

102 2959 317 3059 uirginitatem
338 2942 743 3044 praecip'ueobservabant
763 2961 795 3022 et
815 2961 919 3023 uestes
939 2957 1067 3023 easdem
1086 2961 1183 3039 atque
1203 2954 1265 3022 viri

101 3066 256 3143 ferebant,
279 3072 312 3133 et
339 3086 431 3134 saera
453 3065 512 3132 deo
539 3069 670 3130 cruenta
694 3063 840 3130 hostibus
867 3064 1068 3131 immolandis
1093 3061 1265 3140 faciebant,

102 3192 165 3241 non
177 3173 320 3259 procula
335 3192 409 3239 vero
423 3171 525 3248 abest,
547 3170 642 3236 deum
654 3169 744 3236 illum
765 3169 912 3237 hocloco
934 3171 1021 3256 apud
1043 3174 1187 3236 nostrum
1201 3187 1267 3234 non

103 3279 291 3359 aliumesss,
314 3285 412 3364 atque
430 3277 608 3362 Herculem,
624 3276 983 3362 Sandan-Hammonem,
1005 3277 1059 3361 qui
1075 3276 1117 3343 ab
1135 3275 1267 3341 Amano

64 3474 67 3478 Δ
104 3386 199 3455 nibus
207 3392 243 3453 ut
259 3387 347 3452 Mars
365 3386 455 3452 iuxta
469 3384 775 3457 Artemidemeodem
789 3383 882 3448 modo
904 3388 937 3447 et
957 3383 1016 3448 sub
1030 3382 1145 3448 iisdem
1156 3380 1268 3448 formis

105 3493 277 3572 colebatur,
286 3499 311 3574 ³)
334 3495 423 3560 cuius
446 3492 628 3559 sacerdotes
650 3493 794 3576 integrae
817 3490 975 3555 castitatis
997 3494 1101 3556 vestes
1118 3487 1269 3553 iusseris

105 3598 260 3668 &mendis
278 3598 446 3665 mutabant
467 3598 599 3682 deoque,
615 3599 667 3664 oui
681 3598 715 3664 iu
732 3597 782 3662 his
797 3594 969 3680 praecipue
983 3594 1168 3680 regionibus
1180 3589 1270 3676 apud

211 3901 220 3934 1
323 3901 338 3914 ..

208 3899 232 4057 ’l
250 3898 412 4044 lleruleerrilrg
428 3899 499 4057 {laq
516 3982 550 4038 sol
576 3980 624 4053 [pol
643 3984 730 4038 θῦσαι
746 3981 781 4037 τά
797 3979 828 4036 ἐν
844 3979 937 4053 νόμφ;
961 3981 1076 4037 Coralis:
1097 3975 1132 4032 τὰ
1155 3972 1216 4045 laqol
1233 3975 1269 4030 τὰ

106 4078 144 4149 aqi
161 4074 249 4148 vdpqa
269 4077 384 4133 Calvus:
400 4077 439 4148 τῷ
457 4075 565 4147 Noplp.
585 4073 664 4144 vulg.
681 4074 719 4143 τῷ
737 4070 848 4143 ἐννόμῳ.

211 4167 232 4234 ·)
252 4164 304 4222 olr.
322 4167 442 4237 blevam,
460 4167 483 4236 Ι,
500 4182 527 4237 p.
544 4165 604 4220 toa.
