2706 4566
570 187 783 251 *²18—

94 377 152 438 per
173 360 298 423 Tanain
321 362 455 423 fluvium
479 361 569 422 iuxta
580 360 790 432 Maeotidem,
812 361 922 438 itaque
939 362 1105 423 meridiem
1126 379 1254 439 versus,

95 483 131 529 se
162 471 307 546 recipere
340 469 422 529 iussi
451 472 551 540 erant,
564 466 587 543 1)
617 468 718 527 altere
747 484 851 544 eaque
884 470 1024 529 maxima
1052 487 1192 532 numero
1215 489 1255 533 ex

94 573 227 653 Scythis
255 576 315 636 sub
339 576 420 636 duce
447 575 649 651 Idanthyrso,
673 575 738 652 qui,
760 579 845 633 teste
870 575 1036 635 Herodoto
1059 577 1175 653 ipsu,²)
1200 595 1254 639 eo·

92 699 165 742 rum
188 699 246 743 rex
272 683 342 755 fuit,
372 682 559 752 constabat,
594 682 725 741 tertium
747 697 825 742 vero
849 698 968 757 agmen
992 683 1195 744 Gelonorum
1222 688 1257 744 et

93 789 303 862 Budinorum,
328 790 389 849 sub
412 805 491 866 rege
513 789 640 860 Taxaci,
662 789 731 848 fuit.
778 790 884 863 Quum
907 804 986 848 vero
1010 788 1151 866 Scythae
1175 806 1256 865 gen·

91 898 160 969 tes,
179 911 263 972 quae
293 896 373 971 ipsis
407 896 562 955 auxilium
590 896 850 972 abnegaverant,
883 896 969 955 bello
1002 902 1113 957 contra
1135 898 1255 956 Persas

89 1002 255 1077 implicare
278 1002 492 1072 studuissent,
505 1001 528 1076 ³)
552 1017 626 1077 pars
657 1003 758 1063 altera
780 1019 895 1063 eorum
924 1002 963 1062 ad
995 1003 1256 1078 septentrionem

90 1125 266 1185 progressa
289 1114 355 1180 est,
385 1108 462 1170 dum
484 1108 696 1170 Sauromatae
722 1110 763 1170 ad
793 1110 952 1169 orientem
985 1125 1021 1169 se
1042 1109 1256 1184 recipiebant,

90 1216 128 1274 ut
148 1219 264 1290 postea
285 1218 412 1287 Persae,
436 1217 465 1276 si
485 1217 526 1276 ab
553 1217 769 1276 insectatione
791 1217 1026 1303 recessissent,
1055 1216 1179 1276 reversi
1202 1233 1256 1276 ur-

91 1326 208 1395 gerent
227 1328 324 1401 atque
348 1340 422 1384 cum
444 1323 575 1400 reliquis
595 1322 740 1398 partibus
761 1323 925 1382 coniuncti
941 1324 974 1381 in
990 1321 1123 1399 Scythia
1138 1326 1256 1381 contra

91 1444 149 1489 eos
171 1435 365 1504 pugnarent.
409 1432 672 1501 Praecursorum,
697 1445 780 1506 quos
804 1428 943 1505 Scythae
966 1429 1162 1500 emiserunt,
1185 1429 1262 1505 qui*

90 1551 155 1611 que
180 1538 338 1598 orientem
368 1552 484 1603 uersus
511 1537 551 1596 ad
585 1524 848 1597 Sauromatarum
882 1554 1019 1616 agmen,
1049 1535 1136 1614 quod
1164 1536 1255 1595 iuxta

90 1643 289 1704 Maeotidem
312 1645 480 1704 meridiem
504 1660 619 1705 versus
644 1659 679 1704 se
700 1644 893 1720 recipiebat,
924 1644 1124 1721 tendebant,
1156 1643 1253 1702 uesti-

92 1750 154 1826 giis
174 1752 294 1811 Persae
315 1752 489 1823 instantes,
511 1751 653 1811 Tanaide
676 1752 775 1811 fluvio
797 1752 944 1821 traiecto,
967 1766 1025 1825 per
1048 1749 1250 1809 Sauromata·

91 1872 165 1916 rum
184 1861 303 1917 terram
334 1859 366 1917 in
389 1857 591 1918 Budinorum
620 1861 703 1919 fines
733 1855 999 1935 ρεενεοε111111.4)
1043 1854 1252 1916 Sauromatae

94 1978 135 2022 ex
162 1964 243 2025 inito
271 1966 409 2026 consilio
431 1965 587 2026 Maeotidi
609 1965 719 2042 paludi
751 1965 968 2026 adhaerentes
997 1963 1038 2022 ad
1068 1978 1160 2022 oram
1183 1960 1265 2021 eius.

93 2070 282 2144 volitabant,
307 2089 389 2151 quos
411 2075 531 2133 Persae
552 2074 716 2148 persecuti
744 2073 785 2133 ad
807 2073 927 2133 Oarum
951 2069 1092 2145 (Koban)
1114 2067 1250 2128 fluvium

92 2185 332 2253 processerunt,
356 2179 442 2240 unde
460 2197 559 2257 quum
572 2180 716 2240 hostium
734 2196 852 2255 agmen
875 2181 991 2238 itinere
1005 2180 1089 2238 flexo
1112 2192 1132 2234 a
1152 2174 1253 2233 latere

93 2285 225 2360 Persas,
258 2288 344 2365 quod
363 2293 397 2348 et
421 2287 501 2363 ipsis
529 2291 767 2366 praecurrerat,
797 2287 920 2347 ambitu
944 2287 1046 2356 facto,
1077 2280 1251 2342 circumiis-

93 2392 193 2465 set⁶)‚
228 2393 267 2452 ad
305 2396 561 2469 septentrionem
595 2395 766 2465 conversi,
807 2394 841 2452 iu
872 2391 1037 2469 Scythiam
1068 2385 1247 2446 tendebant

94 2497 201 2570 Quum
231 2499 296 2559 iam
325 2502 460 2580 Darius,
485 2501 525 2560 ad
556 2501 760 2562 occidentem
786 2500 902 2559 itinere
936 2498 1073 2567 directo,
1108 2492 1142 2551 in
1171 2487 1248 2566 Scy-

91 2614 162 2674 thia
193 2616 300 2681 esset,
330 2608 457 2669 duabus
487 2609 633 2669 hostium
668 2606 809 2667 occurrit
844 2605 1007 2680 partibus,
1045 2614 1182 2679 quarum
1213 2597 1257 2658 al·

93 2707 1258 2796 mmmmmmmmmmwmmwm

94 2811 1258 2905 ngfflfflwmmfflmmmwmmmmwmmfflMm

95 2932 297 2993 Budinorum
318 2937 352 2991 et
373 2931 573 2991 Gelonorum
597 2928 657 2988 sub
680 2928 763 2987 duce
784 2924 911 2989 Taxaci
931 2921 986 2999 qui
1008 2921 1042 2979 in
1058 2935 1161 3013 unum
1184 2934 1257 2978 oum

96 3041 236 3118 agmine,
261 3040 312 3098 cui
335 3037 547 3113 Idanthyrsus
568 3037 728 3111 praeerat,
751 3022 1017 3106 commoranti),
1040 3026 1117 3087 dum
1140 3024 1256 3086 Sauro·

97 3153 213 3216 matae,
235 3162 331 3222 porro
353 3146 529 3221 fugientes,
553 3159 593 3204 ex
605 3142 708 3203 oculis
720 3140 809 3200 Darii
823 3139 983 3200 abierunt.
1003 3136 1085 3196 Tum
1105 3132 1255 3212 Scythae,

199 3424 220 3491 ¹)
241 3421 364 3482 Τούτους
378 3459 420 3475 ...
436 3415 590 3488 ὑπάγειν..
604 3457 610 3473 .
624 3458 630 3473 .
644 3415 694 3472 tet
716 3413 855 3476 Τανάιδος
873 3412 1000 3481 ποταμοῦ
1017 3404 1095 3475 παρὰ
1114 3401 1165 3472 τὴν
1183 3405 1258 3457 Μαι-

95 3509 157 3565 ὖτιν
173 3512 271 3579 λίμνην
288 3507 509 3582 ὑποφεύγοντας.

198 3602 221 3671 ²)
241 3602 282 3655 IV
300 3616 324 3655 c.
341 3601 383 3652 76.
407 3598 629 3668 cfnPherecyd.
651 3600 713 3651 Ler.
737 3611 780 3665 ap.
800 3593 885 3649 (116111.
904 3588 1059 3645 Alexandr.
1079 3584 1208 3640 Strornrn.
1231 3578 1257 3631 V

98 3709 125 3761 p.
140 3692 199 3746 567.
217 3692 247 3746 Ο.
266 3691 300 3745 D.
320 3688 414 3760 (Stura
433 3688 514 3757 srgm.
534 3685 688 3757 Pherecyd.
707 3701 735 3753 p.
754 3683 809 3751 63.)
824 3681 928 3737 Justin.
947 3678 1018 3747 115,
1038 3679 1063 3730 8.

201 3786 223 3853 ⁸)
243 3782 348 3837 Herod.
365 3781 404 3835 IV
423 3795 446 3834 o.
466 3780 524 3834 125.

200 3874 223 3940 ⁴)
243 3873 281 3926 iv
302 3887 325 3925 c.
349 3871 406 3925 123.

200 3961 223 4028 ⁸)
242 3961 280 4014 lV
299 3973 322 4012 c.
341 3959 403 4010 124:
422 3951 614 4023 περιελθόντες
631 3947 665 4003 τὰ
683 3947 842 4016 κατύπερθε
861 3941 1039 4009 ὑπέοορεφον
1057 3936 1096 4000 εἰς
1115 3937 1167 4006 τήν
1184 3937 1261 3988 Σοο-

99 4048 168 4121 θικνῙ
185 4089 192 4105 .
1160 4052 1163 4057 ·

202 4139 225 4206 ⁰)
244 4137 283 4193 1v
305 4149 329 4189 c.
348 4134 407 4189 lau.
