2706 4566
566 195 778 257 ..41-

91 362 178 431 iacta
198 363 249 427 est
271 359 332 427 dea
352 359 429 428 item
441 380 479 428 ac
493 360 652 441 Dercetis,
672 358 902 445 Spcrcthra01)
925 364 1146 448 crastinam),
1169 382 1252 448 quae

93 470 182 537 Sacis
209 474 392 554 praeerant,
427 473 460 534 ct
481 469 629 553 Tomyris
641 469 669 554 ³)
698 489 750 534 res
772 474 884 553 gestae
903 472 1035 555 propius
1055 472 1119 537 iam
1139 471 1183 537 ad
1204 472 1220 537 i
1238 512 1249 523 ·

92 576 240 644 bularum
260 577 416 642 accedunt
444 581 607 655 naturam,
637 596 740 658 neque
766 597 882 661 magne
907 578 987 643 fides
1013 579 1053 644 iis
1082 579 1253 646 tribuenda

93 689 151 751 est.
180 683 268 750 Haec
280 704 333 749 res
354 702 452 749 causa
473 683 542 760 fuit,
565 704 621 748 our
639 683 763 766 Graeci,
785 704 881 766 quum
901 706 1055 752 summam
1075 706 1182 752 rerum
1199 708 1254 772 pe·

92 811 151 862 nes
173 792 300 874 reginas
325 811 394 856 esse
415 791 629 873 accepissent,
658 791 805 857 mulieres
827 811 951 874 quoque
971 812 1096 870 omnes,
1120 815 1254 877 quarum

92 903 209 966 natura
234 917 336 980 acque
363 919 402 982 ac
428 898 581 981 principis
607 919 717 964 earum
743 896 835 965 fortis
863 905 896 963 et
916 898 1017 963 virilis
1038 920 1108 965 esse
1129 900 1255 986 debeat,

94 1006 279 1072 muneribus
307 1005 450 1071 civilibus
478 1005 567 1090 iungi
597 1012 629 1072 et
658 1007 785 1072 omnino
805 1007 942 1072 virorum
962 1012 1072 1089 partes
1096 1009 1256 1091 suscipere

95 1112 249 1178 dicerent.
289 1111 412 1189 Quare
434 1112 552 1178 factum
574 1118 631 1188 est,
655 1119 691 1177 ut
711 1112 877 1178 mulierum
898 1113 1009 1179 civitas
1032 1113 1168 1180 existere
1190 1134 1254 1180 crea

94 1218 238 1296 deretur,
270 1240 352 1301 quae
376 1239 447 1285 cum
468 1221 661 1285 Amazonum
681 1219 832 1298 historia,
864 1223 959 1287 certis
986 1223 1156 1305 praecipue
1177 1223 1256 1288 locis

92 1327 175 1412 fixa,
203 1328 386 1411 coniuncta,
413 1329 453 1393 iis
483 1349 607 1411 quoque
641 1329 852 1395 tribuebatur.
897 1329 989 1395 Hanc
1013 1330 1193 1413 opinionem
1216 1350 1256 1395 ex

92 1455 182 1500 more
201 1435 257 1500 illo
278 1436 396 1502 usitato
419 1437 572 1520 originem
591 1436 736 1519 duxisse,
765 1457 783 1502 c
805 1436 945 1502 Diodoro
955 1439 981 1520 4)
1004 1438 1123 1520 optime
1145 1437 1253 1502 diluci-

94 1541 206 1626 datur,
229 1543 284 1624 qui
307 1561 402 1623 quum
426 1543 638 1609 Amazonibus
659 1565 730 1609 cum
746 1543 933 1627 Scytharum
951 1544 1152 1627 mulieribus,
1174 1544 1257 1627 regi·

93 1668 168 1713 men
190 1649 422 1733 obtinentibus,
457 1650 649 1728 coniunctis,
687 1651 729 1716 ad
753 1650 1020 1716 Thermodontem
1051 1656 1177 1732 gentem
1208 1670 1258 1716 re·

94 1758 190 1841 ginae
208 1776 310 1838 neque
329 1757 399 1840 regi
420 1777 535 1840 parere
557 1763 588 1823 et
606 1759 646 1823 ob
666 1757 749 1824 hanc
770 1779 838 1825 rem
860 1756 960 1835 ἔθνος
980 1750 1257 1843 γυναικοκρατού-

95 1882 195 1945 μενον
217 1862 412 1944 appellatam
441 1884 525 1942 esse,
550 1864 739 1944 audivisset,
766 1865 875 1930 eodem
906 1867 975 1930 loco
997 1854 1190 1930 Amazonum
1217 1866 1258 1931 ci-

95 1968 228 2033 vitatem
249 1969 436 2035 collocatam
457 1969 555 2036 tuisse
576 1972 716 2054 putavit,
757 1991 891 2054 quarum
923 1991 976 2035 ree
1015 1976 1125 2054 gestae
1150 1970 1192 2036 ab
1220 1990 1258 2036 eo

95 2080 316 2159 enarrata05),
349 2097 419 2141 oum
439 2077 492 2157 iis,
530 2098 612 2160 quae
635 2077 675 2142 dc
698 2077 822 2162 Scythis
845 2079 1021 2162 protulerat
1029 2084 1070 2158 ⁶),
1106 2081 1259 2159 tanquam

95 2183 270 2265 repetitae,
299 2184 458 2248 artissime
480 2191 667 2269 congruunt.
708 2187 821 2268 Itaque
850 2186 890 2251 ob
919 2184 1002 2250 hanc
1031 2204 1134 2266 neque
1163 2185 1259 2250 aliam

95 2311 227 2356 causam
244 2290 504 2358 Sauromatarum
530 2298 656 2376 gentem
690 2292 752 2358 hac
784 2292 999 2376 appellatione
1030 2311 1101 2356 esse
1140 2291 1258 2357 dictam

96 2403 243 2482 apparet,
265 2399 320 2481 qui
333 2420 400 2464 mos
423 2419 524 2482 aeque
546 2421 584 2465 ac
604 2399 707 2465 cultus
725 2399 897 2464 Artemidis
918 2404 966 2464 tot
988 2398 1163 2481 taliumque
1177 2417 1258 2463 com·

96 2511 274 2570 mentorum
296 2505 336 2571 dc
356 2506 397 2570 iis
420 2527 516 2572 causa
535 2506 603 2570 fuit.

201 2612 303 2689 Quum
319 2613 353 2675 in
373 2612 513 2678 fontibus
536 2634 555 2677 a
577 2613 670 2678 nobis
691 2617 911 2695 pertractatis,
936 2612 990 2692 qui
1012 2609 1054 2674 ad
1077 2629 1128 2674 res
1142 2607 1258 2673 Sauro·

97 2721 256 2782 matarum
279 2723 441 2803 spectant,
461 2719 617 2802 quaedam
638 2719 804 2784 affinitatis
826 2719 947 2801 species
966 2736 1030 2780 non
1050 2716 1185 2781 obscura
1203 2735 1259 2798 ap-

97 2826 258 2910 paruerit,
290 2846 372 2907 quae
402 2847 476 2908 qum
498 2848 537 2892 ex
559 2847 666 2892 eorum
688 2833 816 2902 natura,
843 2833 909 2890 tum
931 2845 949 2890 c
968 2823 1105 2900 ratione,
1134 2842 1173 2887 ex
1195 2841 1260 2905 qua

97 2931 178 2997 baec
194 2933 265 2999 loca
278 2934 557 3015 cognoscebantur,
574 2935 762 3018 declaratur,
784 2936 889 3017 iniis,
911 2934 965 3014 qui
978 2952 1062 2996 nuno
1076 2935 1260 3015 sequuntur,

97 3039 199 3104 multa
228 3039 293 3104 alia
314 3039 405 3105 nobis
430 3045 614 3117 occurrunt,
643 3042 757 3124 quibus
786 3062 807 3105 a
828 3039 987 3124 prioribus
1010 3037 1168 3103 differunt.
1205 3036 1260 3100 At-

95 3166 160 3229 que
179 3147 266 3228 quod
287 3147 330 3211 ad
350 3147 504 3230 originem
526 3149 780 3213 eorumfontium
803 3148 931 3222 attinet,
953 3144 1008 3227 qui
1031 3163 1126 3227 quum
1147 3142 1181 3226 ii,
1205 3143 1260 3225 qui

97 3252 282 3319 non‘multo
304 3255 491 3337 posterioris
514 3276 609 3338 quam
631 3277 710 3339 quos
732 3254 958 3340 percurrimus,
987 3256 1079 3317 erant
1097 3249 1185 3326 aeri,
1212 3250 1260 3313 in-

97 3360 271 3446 teriissent,
292 3361 334 3427 ad
355 3363 533 3428 recentiora
555 3363 603 3428 rel
625 3363 844 3428 recentissima
866 3363 1012 3444 spectant
1033 3362 1191 3441 tempora,
1225 3360 1259 3422 et

98 3469 160 3535 boo
181 3469 321 3556 effugere
344 3491 400 3536 nos
421 3472 540 3555 nequit,
563 3471 649 3553 quod
670 3471 839 3535 maximam
858 3473 983 3553 partem
1005 3486 1044 3533 ex
1067 3465 1178 3531 alienis
1202 3464 1255 3528 de·

209 3617 229 3683 ¹)
250 3616 357 3670 Ctesias
373 3617 402 3670 in
421 3616 514 3669 Photii
532 3613 653 3669 Bibloth.
673 3614 735 3666 cod.
754 3614 832 3680 7211.
851 3612 909 3665 107.

203 3699 1259 3770 lfflmsscffiffimmmmfflmmwmpffim

100 3793 419 3862 fflfflmmpm

204 3888 222 3945 b
241 3885 346 3939 lierod.
368 3885 382 3938 I
402 3901 424 3940 c.
445 3888 504 3939 205.

206 3976 381 4043 &Hom

206 4063 378 4131 bsscffi

204 4153 381 4218 &How
