2706 4566
561 165 772 226 ..56-

90 343 181 418 parte
207 337 247 399 ad
269 337 524 415 septentrionem
548 340 653 415 magis
670 340 819 414 porrecta
832 336 1041 399 sauromatas
1064 349 1139 415 csta
1155 351 1253 399 aetas

90 449 210 525 pisset,
234 446 384 522 Ephorus
403 461 524 506 nomen
548 447 611 507 hoc
632 446 697 505 iam
715 445 813 506 latius
831 445 864 505 in
877 460 993 505 omnes
1006 447 1139 520 gentes,
1163 459 1253 520 quae

92 557 133 616 ad
156 554 310 631 paludem
330 553 534 632 accolebant,
556 554 715 624 extendit,
737 554 831 613 ouius
850 568 931 613 usus
949 552 1035 628 apud
1055 550 1255 613 Strabonem

92 678 239 740 quoque,
266 661 321 736 qui
348 659 400 721 vel
426 661 497 735 ipse
526 661 580 721 rel
609 660 826 737 posteriorum
859 660 976 737 aliquis
1004 661 1155 720 Maeotae
1191 674 1254 734 pro

93 767 295 829 Sauromatis
318 760 661 845 duxit1)‚vestigium
683 769 840 844 proditur.

193 872 321 933 Nomen
343 868 581 947 Sarmatarum,
608 891 673 952 quo
694 875 783 934 iuxta
807 873 1016 935 Sauromatas
1040 872 1158 934 Strabo
1188 874 1255 936 utl-

93 986 160 1049 tur‚
182 994 248 1037 non
271 977 358 1037 idem
381 993 456 1038 esse
478 984 576 1055 atque
599 980 676 1040 illud
688 980 834 1052 ridetur,
856 979 913 1040 sed
938 978 1103 1055 significat
1128 983 1256 1040 certam

93 1091 191 1162 atque
214 1086 448 1147 aSauromatis
472 1086 635 1148 diversam
657 1093 805 1165 gentem,
829 1093 865 1148 ut
888 1104 928 1147 er
951 1085 1013 1147 XII
1036 1085 1065 1158 ὃ,
1091 1084 1131 1147 26
1155 1103 1258 1168 appa·

93 1200 151 1252 ret.
202 1192 308 1268 Atque
332 1208 435 1268 aeque
458 1194 582 1255 incerta
606 1199 639 1255 et
661 1194 817 1270 ambigua
836 1203 886 1259 est
908 1186 1129 1258 Sarmatarum
1151 1193 1260 1257 nomi·

94 1301 146 1359 nis
168 1298 362 1374 significatio
388 1316 425 1360 ac
445 1299 712 1362 Sauromatarum
746 1301 813 1360 suit.
854 1301 924 1360 Hac
958 1301 1082 1361 incerta
1120 1300 1262 1369 notione

95 1404 210 1464 Strabo
226 1404 445 1466 Sarmatarum
467 1409 601 1468 nomine
611 1402 636 1490 ²)
658 1409 748 1468 iuxta
761 1407 899 1484 Scythas
918 1409 1018 1466 utitur
1029 1406 1069 1466 ad
1083 1406 1260 1482 designan-

95 1512 154 1571 das
176 1516 309 1587 gentes,
333 1530 417 1589 quae
440 1515 480 1573 ab
503 1517 648 1577 Homero
672 1516 887 1590 appellatione
912 1531 951 1575 ex
974 1531 1087 1583 aarum
1108 1513 1260 1575 moribus

95 1620 268 1694 desumpta
284 1619 471 1680 nominatae
490 1630 583 1694 sunt3
607 1622 731 1695 eodem
745 1625 877 1682 nomine
897 1626 1029 1696 gentes,
1043 1635 1126 1697 quas
1138 1619 1261 1682 Sauro·

96 1735 200 1785 matas
214 1725 338 1784 dixerat
347 1718 387 1802 ³),
410 1725 473 1785 alio
495 1727 603 1802 locol)
628 1727 793 1791 Sarmatas
804 1728 962 1804 appellat,
984 1727 1072 1804 quod
1090 1726 1260 1805 plerisque

96 1835 329 1896 Caucasiorum
351 1833 514 1909 gentibus,
538 1853 622 1912 quae
645 1839 677 1896 in
699 1838 832 1912 planitie
856 1828 1032 1899 Sarmatica
1054 1834 1138 1895 diota
1152 1829 1178 1906 ⁵)
1202 1833 1262 1894 de·

96 1943 234 2019 gabant,
254 1940 391 2001 inditum
414 1940 515 2018 est⁶);
548 1944 702 2005 similiter.
716 1937 855 2019 Iazyges
877 1943 1108 2018 Tyregetarum
1132 1939 1262 2017 alimen

97 2050 266 2110 Sarmatae
292 2047 494 2123 dicuntum),
519 2065 653 2126 quorum
673 2053 757 2110 fines
774 2050 982 2111 Sauromatas
1003 2045 1174 2125 possidere
1192 2046 1261 2108 iam

97 2172 196 2234 supra
216 2147 377 2234 dixerat8),
400 2155 455 2231 qui
476 2157 594 2217 iterum
612 2157 696 2217 ultra
707 2157 917 2219 Germaniam
939 2150 1056 2218 iisdem
1079 2154 1162 2216 locis
1183 2170 1262 2217 oum

98 2263 255 2324 Sarmatis
275 2261 518 2322 confunduntur
527 2261 562 2337 9).

201 2367 296 2442 Quod
317 2367 357 2427 ad
380 2384 501 2428 nomen
521 2360 734 2430 Sauromatae
758 2370 891 2448 attinet,
915 2385 981 2428 non
998 2367 1157 2429 Graecam
1179 2365 1263 2429 illud

98 2476 220 2536 habere
242 2474 401 2546 radicem,
426 2475 636 2536 manifestum
660 2481 727 2555 est,
753 2477 839 2552 quod
864 2493 965 2552 quum
987 2476 1027 2535 ab
1041 2474 1174 2535 Ionibus
1196 2474 1262 2548 pri·

100 2601 189 2643 rnum
210 2587 382 2656 acceptum
405 2587 511 2652 esset,
543 2585 577 2641 in
610 2584 671 2644 hoo
704 2601 836 2661 quoque
869 2584 1007 2642 dialecto
1034 2581 1265 2642 vetustissima

99 2694 171 2751 eius
208 2689 314 2749 forrna
345 2690 441 2750 nobis
472 2691 626 2762 occurrit,
665 2708 762 2768 quarn
797 2691 878 2750 allae
907 2689 1106 2751 Graecorum
1143 2693 1264 2764 gentes

99 2800 243 2872 ipsarum
263 2797 377 2872 generi
407 2796 534 2856 dicendi
564 2799 809 2858 accomodatam
841 2799 874 2856 in
898 2796 1119 2856 Sarmatarum
1147 2793 1264 2861 dictio-

99 2921 175 2964 nem
203 2907 379 2962 mutarunt.
438 2903 545 2977 Quum
576 2912 685 2964 autern
716 2904 830 2966 Graeci
860 2904 1030 2964 nominum
1057 2900 1265 2977 propriorum

100 3028 211 3071 reram
234 3011 399 3070 notionem
423 3009 608 3072 distinctius
628 3018 726 3088 atque
749 3012 873 3073 tirmius
892 3027 988 3086 quarn
1011 3024 1073 3069 nos
1097 3007 1264 3068 intelexis·

100 3125 191 3187 sent,
214 3117 306 3178 facile
328 3117 450 3177 tactum
473 3125 539 3196 est,
574 3124 611 3177 ut
642 3120 764 3179 formas
788 3118 1054 3177 Sauromatarum
1077 3120 1110 3176 ct
1130 3113 1263 3174 Sarma·

99 3236 205 3286 tarum
235 3240 294 3301 pro
319 3225 456 3285 diversis
482 3231 634 3302 acceptas
653 3228 686 3287 in
710 3228 856 3289 diversas
879 3223 1106 3285 transtulerint
1131 3223 1261 3298 gentes.

204 3389 484 3458 pmmnam

202 3481 385 3549 amaa

202 3569 372 3638 anan

201 3660 371 3729 oman

203 3749 392 3819 onam

202 3841 388 3912 emam

202 3929 515 3999 nmmmmn.

204 4019 378 4088 snam

202 4108 387 4178 omae
