2706 4566
478 215 782 313 ¹-so-

96 385 216 450 nullum
238 385 306 450 eius
329 384 497 468 vestigium
520 384 695 468 invenitur,
725 384 781 450 sed
800 405 839 449 ex
858 386 941 451 aeris
962 386 1164 472 locorumque
1183 409 1257 455 con·

94 491 223 574 tagioue
240 489 385 555 mirabile
403 489 463 555 hoc
485 511 585 574 genus
606 490 690 556 vitae
711 490 891 574 bellicosae,
912 512 976 574 qua
994 486 1121 559 omniuo
1145 514 1255 562 omnes

94 597 242 684 Europae
271 597 395 662 incolae
423 598 464 663 ab
494 598 644 662 Asiaticis
667 617 701 662 se
724 598 883 676 differunt,
909 599 949 664 ab
973 620 1010 665 eo
1033 603 1219 687 explicatur.
1231 610 1255 684 ¹)

96 706 210 789 Itaque
232 725 328 787 quum
350 705 417 769 fere
439 724 547 768 omnes
569 703 717 788 Europae
738 706 863 774 incolae
891 704 1037 772 fortiores
1068 730 1106 775 ac
1126 710 1255 777 bellico-

97 815 263 890 sioressut
282 810 342 875 hoc
362 811 502 875 locorum
521 815 637 874 natura
659 831 765 875 secum
783 812 873 891 tulit‘,
896 833 991 894 quam
1011 813 1045 877 in
1069 815 1145 880 Asia
1166 816 1257 883 habi-

94 923 200 984 tantes
229 917 503 997 existimarentur,
534 914 794 983 Sauromatarum
816 938 941 1001 quoque
963 919 1128 984 mulierum
1151 941 1255 989 mores

93 1025 261 1093 bellicosos
298 1045 337 1089 ex
373 1023 486 1089 eadem
515 1043 611 1088 causa
643 1024 799 1107 pendere,
835 1024 885 1089 cui
914 1023 1002 1089 nulla
1028 1025 1133 1092 inesse
1160 1027 1257 1095 debet

93 1132 240 1209 offensio,
265 1131 477 1215 Hippocrates
499 1149 687 1214 persuasum
709 1130 829 1197 habuit.
873 1129 961 1208 Quae
982 1131 1052 1215 ipse
1082 1132 1121 1197 de
1142 1133 1255 1200 Sauro-

93 1243 252 1305 matarum
273 1237 439 1302 mulierum
457 1236 585 1321 ingenio
606 1236 809 1320 moribusque
832 1242 1066 1315 commemorat,
1088 1239 1203 1304 mirum
1221 1241 1256 1306 in

95 1346 223 1412 modum
244 1346 278 1410 in
298 1344 454 1410 Herodoti
476 1343 516 1409 de
536 1344 575 1408 iis
597 1343 699 1408 relata
718 1344 887 1428 quadrant.
923 1349 1027 1427 Atque
1048 1346 1144 1411 verba
1165 1346 1255 1427 haec,

94 1474 177 1537 quae
196 1453 283 1537 apud
306 1457 475 1534 utrumque
490 1450 610 1534 scripta
628 1449 689 1515 sibi
706 1451 907 1536 respondent,
930 1452 1168 1534 perspicuitatis
1181 1475 1255 1521 cau-

94 1579 131 1624 sa
152 1559 242 1624 iuxta
263 1577 476 1643 apponamus:

206 1670 326 1731 Herod.
348 1670 394 1728 IV
416 1686 442 1728 c.
469 1669 546 1726 114:
815 1670 1000 1745 Hippocrat.
1025 1670 1053 1743 ὅ.
1077 1669 1126 1730 24.

135 1790 236 1870 Ημεῑς
258 1781 304 1864 (ul
331 1777 511 1867 Ἀμαζόνες)
531 1781 590 1866 μὲν
607 1804 660 1846 το-

94 1881 230 1972 ξεύομέν
250 1909 287 1950 τε
308 1886 362 1950 καί
383 1879 593 1969 ἀκοντίζομεν
606 1885 660 1949 καὶ

94 1981 309 2074 ίππαζάμεθα.

95 2101 165 2160 coll.
189 2117 216 2159 c.
235 2098 283 2154 IV
306 2115 332 2154 ο.
355 2095 426 2154 116.

96 2246 122 2262 ..
139 2245 169 2261 ..
191 2195 261 2258 τῶν
283 2189 530 2275 Σαυροματέων
553 2189 585 2254 αί
605 2216 659 2276 γυκ
753 2192 902 2257 Τουτέοον
930 2193 1012 2268 (τῶν
1041 2192 1251 2276 Σαυροματέ-

93 2309 203 2374 ναικες
226 2295 302 2376 (καί)
336 2291 389 2356 ἐπὶ
407 2285 514 2378 θήρην
537 2290 589 2357 ἐπὶ
610 2289 658 2356 ίπ-
687 2292 750 2379 mv)
774 2290 806 2356 αί
830 2303 979 2378 γυναῖκες
1001 2287 1195 2378 ἱππάζονταί
1217 2318 1252 2360 τε

93 2425 170 2466 ποον
196 2397 397 2480 ἐκφοιτῶσαι
419 2386 485 2477 ἀμα
503 2406 588 2459 τοῖσι
604 2388 665 2459 ἀν-·
685 2396 739 2458 καὶ
770 2391 941 2474 τοξεύουσι
964 2397 1018 2459 καί
1046 2391 1252 2480 ἀκοντίζουσι

94 2494 189 2587 δράσι
215 2499 268 2564 καί
289 2498 388 2582 χωρίς
416 2497 486 2560 τοῦν
515 2491 658 2580 ἀνδρῶν,
685 2488 752 2560 ἀπὸ
777 2499 847 2561 τεόν
875 2493 988 2560 ίπποον
1014 2499 1068 2562 καί
1093 2494 1252 2583 μάχονται

93 2605 147 2669 καί
169 2601 202 2680 ἐς
227 2596 373 2685 πόλεμον
393 2601 564 2681 φοιτῶσαι,
589 2598 659 2677 (καί
685 2609 770 2663 τοῖσι
790 2599 965 2683 πολεμίοις,
987 2597 1049 2677 ἕως
1071 2594 1113 2667 ἀν
1126 2601 1251 2688 παρθέ-

94 2702 213 2792 στοίὴν
227 2703 286 2790 τὴν
303 2697 406 2789 αὐτὴν
418 2713 503 2766 τοῖσι
520 2692 659 2787 ἀνδράσι
686 2723 739 2764 νοι
761 2697 849 2766 ἔωσι.

94 2808 274 2894 φορέουσαι
286 2855 370 2872 .....
372 2805 388 2890 )

94 2934 121 2976 c.
146 2914 221 2972 117:
244 2902 285 2973 ου’
306 2906 467 2992 γαμέσθαι
488 2905 659 2989 παρθένος
686 2897 749 2967 ουίι
777 2898 1108 2990 ἀποπαρθενεύονται
1137 2906 1174 2970 δὲ
1199 2907 1251 2991 με’-

93 3006 235 3096 οάδεμία,
256 3010 335 3095 πρὶν
350 3003 392 3073 ἀν
406 3008 477 3073 τῶν
492 3006 658 3091 πολεμίων
685 3027 756 3090 χρις
784 2999 826 3070 ἀν
859 3010 930 3071 τῶν
962 3008 1128 3093 πολεμίων
1160 3021 1247 3094 τρεῖς

93 3105 198 3199 ἄνδρα
219 3107 404 3195 ἀποκτείνῃ.
686 3100 913 3174 ἀποκτείνωσι.

93 3213 125 3280 ul
155 3215 192 3280 δέ
213 3239 300 3292 τινες
325 3209 455 3278 αὐτέων
476 3211 530 3274 καί
552 3215 658 3276 τελευ-
685 3209 739 3274 καί
775 3206 816 3276 od
849 3205 1013 3298 πρότερον
1045 3213 1251 3278 συνοικέουσι

92 3319 175 3383 ταῖσι
203 3317 354 3403 γηραικαὶ
379 3317 457 3401 πρίν
485 3305 658 3400 γήμασθαι,
686 3307 1251 3400 ἢπερταίρὰθιίουσιτῷεννόμφ.

93 3410 135 3487 ου’
147 3413 326 3506 δυνάμεναι
337 3415 399 3484 τὸν
415 3409 521 3500 νόμον
542 3412 657 3501 lauta}

93 3539 156 3590 dat.
170 3572 215 3589 ...

195 3630 284 3708 Quae
313 3628 427 3710 verba,
455 3632 522 3691 tam
549 3622 682 3689 mirifice
710 3625 797 3708 apud
826 3631 994 3710 utrumque
1016 3627 1252 3712 concordantia,

91 3739 180 3807 casui
194 3736 325 3804 fortuito
343 3732 442 3799 tribui
460 3735 629 3813 nequeunt,
651 3731 742 3797 sede
766 3737 852 3798 certo
869 3733 1015 3815 quodam,
1034 3735 1159 3815 utrique
1170 3753 1252 3798 com·

91 3844 194 3922 muni,
225 3844 413 3908 emanarunt
440 3837 543 3917 fonte,
574 3836 624 3901 vel
653 3858 734 3904 unus
763 3839 898 3905 alterum
928 3844 1054 3904 secutus
1074 3839 1250 3922 exscripsit.

92 3950 191 4036 Atqui
210 3968 360 4032 magnum
379 3966 504 4030 quoque
532 3945 617 4010 inter
647 3962 701 4010 eos
727 3945 897 4011 intercedit
926 3944 1104 4010 discrimen.
1147 3945 1252 4023 Quum

92 4061 176 4126 enim
204 4054 385 4122 Herodotus
415 4053 455 4119 de
482 4071 559 4119 uno
587 4055 712 4118 tantum
740 4051 833 4120 hoste
854 4052 1017 4136 loquatur,
1047 4074 1140 4137 quem
1161 4051 1252 4138 virgo

196 4194 648 4269 umffimmmmm
