2706 4566
531 249 745 310 ..35-

59 434 118 479 nus
139 433 180 478 ex
199 411 251 478 his
272 412 414 480 fontibus
442 413 616 497 pollucere,
646 413 733 497 quod
755 433 851 497 quum
878 421 1088 484 mercatorum
1108 440 1217 489 narra·

59 522 160 586 tiones
184 518 343 605 sequitur,
367 526 435 585 tum
451 520 587 586 aliorum
606 522 742 586 certiora
759 521 941 589 testimonia
959 530 1069 609 petere
1084 526 1217 593 videtur.

161 648 242 714 Nam
280 648 360 713 haec
396 648 468 714 loca
503 647 546 714 ad
583 647 717 712 Pontum
756 649 819 714 sita
853 669 1046 735 magnopere
1081 654 1219 720 Graecos

58 755 230 840 praecipue
252 755 397 836 aliosque
417 755 551 839 populos
574 755 751 837 respexisse
781 760 877 838 atque
903 756 969 821 iam
990 760 1219 842 antiquissimis

58 863 255 947 temporibus
292 863 527 946 frequentasse,
563 881 660 944 quum
693 881 732 925 ex
765 861 920 928 fructibus
954 864 1136 950 divitiisque
1164 867 1220 933 ha·

54 990 125 1035 rum
160 971 343 1054 regionum,
369 967 456 1033 'tum
493 988 510 1032 e
547 967 754 1052 scriptoribus
791 974 824 1033 et
856 971 960 1054 poetis
996 971 1185 1039 declaratur.
1198 982 1220 1054 1)

55 1076 162 1155 Quare
196 1075 310 1141 Graeci
345 1080 477 1159 propter
510 1079 737 1149 mercaturam,
774 1095 868 1157 quam
897 1097 967 1142 cum
993 1079 1043 1143 his
1072 1080 1221 1163 gentibus

55 1183 235 1261 faciebant,
275 1182 422 1247 notitiam
459 1199 584 1264 quoque
623 1201 732 1246 earum
768 1181 830 1247 sibi
859 1184 1083 1268 acquirebant,
1115 1206 1220 1269 quam,

56 1310 154 1375 quum
188 1295 331 1373 tempore
368 1293 463 1354 aucta
489 1293 587 1364 esset,
622 1292 710 1354 certe
736 1288 838 1354 forma
877 1291 1014 1357 describi
1043 1293 1221 1376 oportebat.

55 1396 150 1465 Unde
194 1402 324 1463 exortae
363 1399 438 1460 sunt
476 1393 606 1459 tabulae
644 1395 893 1480 geographicae,
943 1398 1077 1475 πίνακες
1113 1399 1222 1483 appel-

57 1504 153 1581 latae,
178 1503 212 1568 iu
234 1502 351 1586 quibus
374 1501 408 1565 iu
431 1500 699 1584 simplicissimum
719 1500 867 1568 videlicet
889 1505 1016 1568 modum
1041 1510 1073 1569 et
1095 1507 1137 1570 ad
1157 1527 1222 1572 cer-

56 1615 124 1675 tum
142 1607 287 1675 ordinem
309 1607 454 1692 singulae
473 1611 583 1691 partes
607 1612 713 1673 terrae
741 1609 913 1692 populique
940 1616 973 1676 et
1001 1613 1103 1677 maria
1125 1619 1223 1695 atque

56 1714 189 1781 fiumina
205 1714 365 1798 insculpta
378 1720 479 1797 erant,
503 1733 638 1797 quarum
660 1719 807 1780 auctores
824 1716 1145 1800 Anaximander,‚qui
1160 1720 1223 1802 pri-

56 1842 127 1888 mns
141 1818 373 1907 yeccyqupcrdv
384 1820 506 1885 πίνακα
517 1820 542 1905 2)
563 1822 778 1904 composuisse
789 1821 912 1899 dicitur,
938 1825 1223 1908 etAristagoras3)

56 1929 149 1995 ouius
166 1922 303 2013 χάλκεος
323 1928 422 2006 πίναξ
443 1948 462 1992 a
484 1927 590 2010 priore
612 1946 675 1991 non
696 1927 831 1992 multum
853 1927 1038 2007 differebat,
1059 1933 1221 1996 nominan-

56 2042 120 2103 tur.
149 2035 255 2118 Atque
273 2036 389 2101 itinera
409 2040 515 2099 terrae
539 2032 779 2117 cognoscendae
799 2053 896 2098 causa
913 2034 1000 2100 facta
1017 2041 1134 2118 sunta)
1155 2039 1223 2119 qui-

56 2142 119 2212 bus
140 2143 274 2208 notitiae
290 2143 432 2207 locorum
453 2141 647 2223 acquisitae,
678 2140 796 2217 literis,
823 2161 905 2223 quae
926 2142 1074 2228 περίοδοι
1095 2145 1150 2228 γῆς
1178 2145 1223 2209 di-

57 2250 214 2319 cebantur
234 2248 503 2332 exprimebantur.
547 2245 657 2312 Talem
688 2247 934 2332 descriptionem
956 2250 1043 2315 orbis
1066 2256 1223 2316 terrarum

59 2357 257 2441 scripserunt
283 2354 465 2420 Hecataeus
486 2352 639 2430 Milesius,
653 2353 681 2438 ⁶)
714 2352 885 2439 Dionysius
912 2375 951 2420 ex
970 2356 1082 2421 eadem
1103 2358 1223 2433 urbe,⁶l

60 2462 189 2531 Charon
216 2462 508 2546 Lampsacenus,r)
530 2459 714 2526 Hellanicus
743 2461 878 2529 Lesbius
887 2463 911 2549 8)
940 2463 1058 2547 aliique
1085 2465 1224 2548 plurimi.

59 2571 165 2651 Quum
180 2567 379 2637 veroGraeci
391 2567 472 2632 mari
484 2567 597 2652 magis,
620 2588 715 2650 quam
732 2573 820 2634 terra
840 2577 1050 2636 mercaturam
1072 2571 1223 2654 facerent,

58 2676 124 2745 hae
145 2696 271 2762 quoque
291 2681 402 2760 gentes
431 2673 660 2752 noscebantur,
702 2696 784 2759 quae
815 2676 857 2741 ad
885 2696 974 2741 oram
1000 2677 1050 2742 vel
1080 2677 1224 2760 proxime

59 2805 133 2852 eam
164 2783 365 2861 accolebant,
401 2801 535 2862 quarum
562 2783 774 2866 cognitionem
808 2803 846 2846 ex
872 2781 963 2848 libris
994 2787 1151 2868 περιπλοῑ
1175 2783 1225 2848 vel

59 2895 234 2979 παραπλοῐ
252 2888 438 2975 appellatis,
470 2888 502 2951 in
526 2888 642 2971 quibus
664 2887 774 2954 eodem
793 2889 921 2965 ordine,
944 2892 977 2954 in
999 2911 1061 2975 quo
1079 2891 1224 2975 singulae
1274 2888 1280 2898 '

62 2999 290 3087 singulislocis
312 2999 460 3063 inventae
482 3001 566 3080 sunt,
585 2997 790 3074 notabantur,
811 2995 940 3060 haurire
954 3017 1132 3081 possumus.
1165 2996 1224 3061 Ve-

59 3107 274 3176 tustissimum
293 3104 390 3170 talem
404 3100 561 3184 periplum
581 3104 631 3168 vel
649 3103 972 3186 circumscriptionem
994 3107 1099 3168 terrae
1110 3100 1224 3185 Scylax

61 3213 299 3300 (bqandensis
319 3216 486 3299 scripsisse
516 3210 652 3293 dicitur,
675 3210 764 3274 cuins
782 3227 863 3290 opus
885 3228 906 3273 a
924 3208 1154 3290 posterioribus
1172 3227 1224 3271 ex-

63 3320 221 3407 scriptum
239 3321 436 3406 aliorumque
456 3316 685 3388 additamentis
705 3319 842 3391 auctum,
866 3332 905 3378 ea
918 3313 1021 3378 forma
1045 3332 1108 3393 qua
1131 3312 1224 3378 nobis

165 3548 191 3624 ³>
209 3553 261 3611 ofr.
277 3552 409 3610 Welolrer
429 3552 479 3606 der
500 3565 543 3618 ep.
560 3547 638 3619 chl.
662 3547 675 3604 1
691 3562 720 3617 p.
737 3546 795 3602 276.

166 3645 190 3715 ¹)
208 3645 301 3700 Strab.
319 3645 333 3701 l
352 3647 377 3713 1,
398 3644 439 3697 11.

167 3734 188 3802 ¹)
207 3734 311 3790 Herod.
329 3736 353 3789 V
371 3735 415 3786 49.

165 3824 189 3893 ⁴)
208 3824 305 3879 Herod
323 3822 362 3878 lv
384 3837 407 3875 c.
427 3822 469 3874 44.

167 3913 192 3983 ¹)
209 3913 304 3983 Steph.
323 3913 391 3983 Byr.
409 3925 431 3966 s.
449 3925 477 3963 v.

167 4001 190 4070 ³)
207 4000 323 4056 Mueller
341 3999 423 4069 frgm.
441 3996 505 4051 hist.
524 3995 572 4051 (ir.
587 3996 614 4052 ll
633 4009 660 4062 p.
679 3995 704 4048 ὅ.

166 4090 190 4158 ¹)
208 4089 323 4145 Vossius
341 4088 377 4143 de
396 4086 460 4142 hist.
479 4084 527 4139 (ir.
549 4100 577 4152 p.
598 4084 640 4138 21.

169 4178 192 4246 ⁸)
211 4176 295 4234 Voss.
314 4175 371 4232 ibd.
390 4190 418 4243 p.
435 4175 478 4230 28.
